4334 5976
982 669 1003 736 a

888 753 1091 768 —flfl-

9 893 57 930 .·
162 880 261 950 caput
279 872 496 936 reservandas
524 887 601 937 esse
624 871 814 937 existimavi.
856 875 967 950 ltaque
996 873 1072 934 nllril
1095 871 1204 934 uddicli
1233 871 1292 932 nisi
1322 885 1472 932 numeros
1501 868 1756 946 Wagenetianos
1785 875 1816 930 et

162 989 340 1054 Rethianos
363 991 529 1066 adscripto
552 991 622 1052 libri
644 1005 787 1063 numero,
809 990 864 1051 ubi
887 991 969 1052 allus
991 991 1063 1053 libri
1085 1005 1161 1050 esse
1177 989 1387 1063 fragmentum
1401 988 1564 1063 Wagener
1578 987 1710 1062 putavit,
1731 983 1829 1046 Roth.

2 1117 50 1166 a:
161 1111 297 1181 putasse
318 1105 454 1166 videtur.
500 1106 686 1182 subscripsi
708 1111 876 1182 praeterea
897 1107 1119 1166 annotationes
1144 1103 1286 1175 criticas,
1315 1119 1378 1164 non
1402 1120 1466 1178 quo
1491 1103 1596 1163 onmia
1617 1100 1814 1161 librariorum

160 1222 277 1282 menda
300 1227 442 1282 notarem
476 1235 517 1280 ne
546 1221 576 1280 in
607 1221 646 1282 iis
671 1221 800 1296 quidem
821 1219 948 1293 verbio,
972 1237 1055 1298 quae
1074 1221 1177 1296 ipsius
1202 1219 1331 1281 Catonis
1355 1235 1431 1280 esse
1453 1219 1613 1290 videntur,
1644 1216 1704 1276 sed
1727 1215 1813 1276 utin

161 1335 361 1410 gravioribus
384 1337 481 1397 rebus
505 1335 598 1396 laeile
621 1336 865 1408 discemetetur,
891 1336 1030 1412 quiriaci
1054 1336 1202 1397 codicum
1224 1336 1460 1408 auctoritatem,
1484 1335 1561 1410 quid
1582 1335 1623 1392 ad
1647 1333 1813 1393 doctorum

159 1449 325 1511 hominum
349 1449 555 1527 conjecturas
579 1458 670 1514 esset
688 1453 899 1514 referendum.
921 1469 924 1474 ·

903 1631 1002 1696 Lib.
1022 1629 1064 1697 l.

203 1795 229 1854 l.
268 1795 307 1858 Si
336 1811 434 1871 ques
463 1803 554 1860 sunt
580 1795 773 1861 homines,
810 1799 888 1860 cato
911 1797 1058 1873 Origines
1087 1799 1136 1860 sic
1158 1797 1288 1858 inchoat
1310 1798 1440 1859 Servius
1464 1803 1520 1858 art.
1544 1809 1673 1873 gramm.
1690 1795 1719 1866 5,
1733 1795 1763 1854 6.
1781 1811 1810 1868 p.

158 1907 220 1971 506
241 1911 329 1971 Lind.
374 1913 413 1972 Si
443 1925 540 1986 ques
571 1919 663 1974 sunt
683 1912 883 1988 homines,
912 1931 1011 1991 quos
1037 1915 1218 1974 delectat
1240 1915 1377 1989 populi
1400 1929 1467 1972 res
1492 1903 1631 1994 gestas
1656 1910 1811 1970 descri-

158 2027 260 2088 bere.
302 2027 477 2106 competis
502 2033 622 2092 comm.
637 2001 701 2090 'arc
724 2031 834 2091 nonae
858 2047 889 2107 p.
912 2031 1084 2092 164161.
1129 2028 1193 2103 (w.
1219 2030 1245 2090 l.
1268 2030 1304 2090 n.
1327 2027 1370 2102 t.)

199 2141 228 2202 2.
266 2143 371 2202 Ν11111
400 2147 555 2220 agendo
582 2130 763 2208 homines
798 2147 902 2207 male
929 2162 1048 2221 agere
1080 2146 1249 2206 discunt
1293 2145 1422 2206 Catonis
1447 2144 1612 2205 oraculum
1637 2159 1686 2215 ap.
1713 2141 1811 2202 Gelu·

160 2258 288 2318 mellam
309 2255 363 2330 Xl,
386 2261 414 2320 l.
458 2259 523 2334 (W.
545 2261 575 2322 3.
597 2263 633 2324 lt
655 2260 699 2335 4.)
1156 2321 1158 2328 ,

199 2373 229 2434 3.
265 2368 302 2432 Ρ.
324 2368 512 2456 Scipionem
535 2393 621 2450 etam,
651 2371 711 2459 qui
733 2371 862 2457 privans
883 2369 1067 2453 Africanus
1091 2373 1284 2456 appellatos
1312 2381 1379 2451 est,
1409 2374 1520 2438 dicme
1546 2371 1696 2444 solitum,
1723 2382 1811 2430 nutti-

158 2503 255 2572 6666
277 2505 313 2550 sc
334 2489 438 2552 minus
459 2489 596 2552 otiosum
618 2507 700 2567 esse,
721 2507 818 2574 quum
832 2508 901 2553 euin
917 2490 1052 2567 otiosus,
1073 2509 1133 2552 nee
1147 2489 1251 2554 minio
1263 2492 1377 2569 solum,
1400 2509 1497 2575 quum
1519 2507 1590 2551 cum
1609 2487 1700 2548 solus
1720 2490 1811 2548 essct.

159 2606 236 2668 Cato
260 2621 312 2682 ap.
337 2607 525 2667 Ciceronem
547 2609 587 2668 de
611 2605 672 2670 on.
695 2609 750 2679 lll,
782 2607 809 2680 1,
835 2611 861 2668 1.
889 2637 932 2652 —-
968 2603 1164 2687 Africanum
1191 2606 1322 2668 solitum
1345 2603 1564 2680 caeciliane,
1586 2617 1813 2686 ttutnquumse

153 2720 234 2799 pius
257 2737 367 2802 opere,
390 2735 486 2797 quent
507 2719 592 2782 ntltil
612 2739 682 2784 cum
699 2727 830 2805 696161,
851 2740 1023 2806 nutnqttum
1044 2723 1148 2785 mittut
1168 2723 1272 2785 tolum
1295 2741 1374 2800 esce,
1396 2739 1493 2807 quant
1518 2739 1589 2785 cunt
1608 2721 1698 2782 solus
1720 2722 1812 2780 esset.
1919 2785 1923 2794 ⁴

163 2837 241 2897 Cato
266 2851 316 2910 ap.
341 2836 404 2896 Cic.
429 2835 469 2896 dc
490 2839 614 2912 republ.
637 2839 659 2910 l,
686 2839 733 2910 17,
756 2839 805 2898 27.
830 2839 893 2912 (W.
916 2841 945 2900 3.
968 2841 1062 2913 111.)
1216 2909 1220 2914 ,

202 2955 231 3012 4.
269 2947 444 3012 Clarorum
475 2949 621 3012 birotum
651 2957 751 3034 ratque
778 2971 968 3033 conpactum
989 2971 1054 3016 nott
1076 2953 1180 3014 atinus
1202 2955 1280 3024 otii,
1312 2969 1407 3028 quom
1428 2953 1556 3033 negotii
1575 2952 1736 3013 tuitionem
1758 2967 1813 3008 ex·

157 3071 253 3126 sture
282 3069 448 3144 oportere.
498 3067 584 3136 ,Cato
613 3069 643 3126 ln
673 3067 829 3154 principio
862 3067 1022 3142 Originum
1050 3083 1178 3134 suarum
1215 3083 1266 3142 up.
1296 3067 1360 3126 016.
1392 3083 1449 3142 pro
1477 3065 1585 3124 Plane.
1615 3067 1664 3137 27,
1693 3064 1743 3126 66.
1771 3093 1813 3104 -

157 3178 240 3254 titii,
264 3177 359 3262 cujus
382 3186 413 3242 et
434 3178 517 3244 Cute
538 3179 740 3242 reddendum
761 3179 922 3243 rationem
942 3187 1048 3260 putot.
1091 3184 1204 3242 lustin.
1230 3184 1324 3258 prael.
1347 3181 1377 3241 5.
1423 3179 1486 3262 (W.
1509 3181 1537 3240 2.
1560 3183 1595 3241 11.
1620 3181 1662 3253 l.)

198 3299 227 3356 5.
265 3295 377 3358 Pt·imo
399 3295 531 3360 italiam
554 3296 695 3358 tentatione
717 3295 892 3372 quondum,
923 3296 980 3374 qui
999 3295 1258 3374 appellabuntur
1278 3294 1485 3378 Aborigines.
1521 3293 1729 3376 Hesperien
1751 3292 1811 3354 url-

164 3417 264 3472 6611111
287 3413 418 3476 Aeneae
439 3411 625 3496 Phrygibus
640 3410 777 3495 junctos
799 3410 938 3474 Latinos
963 3430 1028 3473 uno
1058 3412 1184 3482 nomine
1205 3419 1421 3493 nuiicnputoo.
1467 3412 1604 3494 Calain
1628 3412 1808 3486 Originibus

162 3545 211 3602 ap.
236 3529 325 3588 Serv.
349 3531 474 3602 11661,
498 3532 526 3591 6.
571 3529 634 3604 (W.
660 3529 708 3590 10.
732 3531 766 3589 lt
793 3529 852 3603 10.)
1376 3527 1377 3530 '

199 3645 228 3704 6.
267 3649 411 3720 Agrum
440 3662 554 3720 quem
582 3645 726 3706 Volsci
754 3643 980 3705 habuerunt
1007 3647 1246 3722 campestris
1272 3647 1412 3721 plenus
1440 3645 1702 3719 Aboriginum
1725 3644 1811 3700 l‘uit.

164 3761 241 3820 Ceto
265 3763 296 3820 ln
319 3764 331 3821 l
354 3761 514 3838 Originum
539 3777 588 3836 up.
612 3761 809 3822 Priscianum
832 3762 870 3831 V,
896 3761 944 3834 12,
967 3761 1017 3820 65.
1042 3767 1074 3820 61
1094 3763 1146 3832 Vl,
1169 3759 1198 3833 8,
1222 3761 1270 3822 ll.
1317 3761 1380 3833 (W.
1404 3761 1433 3820 5.
1455 3762 1491 3821 R.
1520 3760 1581 3833 10.)

200 3877 228 3936 7.
254 3869 413 3953 ’Έλληνας
441 3871 561 3959 cucone
588 3869 676 3950 (τοὺς
700 3869 913 3954 Ἀβοριγῖνας)
943 3867 1025 3936 εἶναι
1051 3868 1179 3954 λέγουσι
1209 3874 1274 3936 τῶν
1300 3869 1334 3934 ἐν
1358 3869 1468 3958 Ἀχαΐᾳ
1500 3869 1573 3936 ποτὲ
1609 3865 1814 3950 οἰκησάντων,

158 3991 289 4062 πολλαῖς
309 3993 433 4070 γενεαῖς
454 3986 608 4072 πρότερον
631 3990 688 4052 τοῦ
702 3984 841 4068 πολέμου
854 3987 912 4050 τοῦ
931 3991 1076 4072 Τρωικοῦ
1091 3985 1355 4070 pentasemo.
1402 3984 1515 4052 Οὐκέτι
1536 3983 1641 4069 μέντοι
1663 3984 1814 4067 διορίζου-

158 4119 210 4166 σιν
239 4082 311 4166 obre
340 4093 445 4186 φῦλον
474 4099 660 4184 ’111111161κό11
687 4091 728 4166 οὗ
751 4109 891 4187 μετεῖχον
918 4101 990 4168 οὔτε
1011 4101 1104 4167 πόλιν
1125 4101 1156 4182 ἐξ
1177 4093 1215 4189 ἧς
1243 4093 1462 4186 111611616661
1489 4101 1561 4168 οὔτε
1588 4101 1704 4187 χρόνον
1740 4097 1812 4164 οὔθ’

259 4370 284 4431 1)
312 4369 486 4434 0611661661
504 4369 573 4418 16616
591 4369 895 4432 16116661661111611616,
913 4371 1064 4422 Lachmann
1082 4371 1116 4422 de
1127 4372 1194 4422 1661.
1212 4373 1242 4422 L.
1254 4373 1289 4433 ll,
1301 4387 1326 4436 p.
1339 4374 1379 4432 18,
1397 4373 1512 4433 lironem
1530 4385 1594 4436 quet
1613 4367 1718 4432 scripsit
1736 4367 1813 4426 Ceto,

161 4470 194 4521 61.
211 4469 262 4532 irg.
280 4469 320 4521 60.
339 4470 413 4524 Serv.
433 4470 499 4520 Aen.
519 4469 543 4530 1,
561 4470 603 4530 95,
621 4467 667 4517 ubl
688 4481 721 4518 ex
739 4449 841 4532 origin.
861 4471 884 4519 si
903 4485 967 4534 ques
985 4473 1040 4520 6161
1057 4473 1158 4535 pepuli.
1188 4473 1253 4524 0116
1269 4473 1374 4522 vitietur
1389 4473 1478 4522 formet
1493 4477 1646 4520 monstrosa
1664 4483 1695 4516 ex
1713 4465 1815 4516 librarii

162 4568 340 4631 explicatione
358 4583 431 4633 quet.
448 4593 480 4604 —-
500 4575 560 4618 6661
579 4567 700 4618 homines
719 4570 820 4618 emend.
837 4569 958 4624 Lindem.
977 4570 1036 4620 cod.
1056 4571 1177 4620 homines
1199 4579 1266 4622 sunt.
1330 4605 1334 4612 ·

259 4665 284 4728 3)
311 4667 474 4731 Appellatus
499 4666 642 4717 estfcodd.
661 4683 757 4729 6666,
781 4669 829 4716 6111
851 4669 1000 4732 appellatus
1019 4671 1067 4732 sit,
1093 4686 1160 4735 quse
1178 4673 1307 4734 scripture
1327 4678 1388 4734 post
1407 4671 1502 4720 1661166
1522 4669 1729 4736 disceptationes
1748 4681 1816 4718 nune

159 4761 271 4830 probata
281 4767 441 4832 repletisque
459 4765 610 4816 defenditur
620 4767 689 4816 Non.
701 4781 741 4817 tv.
753 4769 881 4831 aequales
898 4777 923 4818 61
940 4770 1076 4833 appellere
1091 4786 1116 4834 p.
1130 4774 1176 4823 161
1196 4771 1281 4822 61103
1302 4771 1373 4822 Gerl.
1385 4769 1518 4822 Revocevi
1530 4779 1646 4820 veterem
1659 4769 1816 4832 scripturam

160 4873 269 4928 propter
285 4865 413 4916 Senecam
431 4867 464 4916 de
481 4866 552 4916 brev.
571 4866 641 4914 titee
660 4865 701 4928 13,
718 4867 744 4918 6.

261 4963 288 5020 tl
316 4963 384 5016 Ood.
396 4965 474 5018 Fultl.
493 4943 712 5016 16661666116166
731 4968 825 5031 quoad.
836 4967 988 5018 Dolendutu
1006 4982 1079 5031 6666,
1099 4970 1171 5034 qued
1188 4969 1360 5022 16861νί6616
1378 4985 1432 5022 uon
1450 4969 1525 5021 eliud
1536 4969 1622 5022 6111166
1635 4975 1675 5020 661
1687 4964 1815 5026 retugium

160 5063 212 5126 ite
230 5063 514 5116 nueiuteninnn.
1320 5037 1322 5042 ’

258 5161 613 5247 ἱ61116111661166666111
632 5177 665 5216 ex
682 5166 750 5232 conj.
770 5165 804 5218 61.
822 5165 872 5229 ng.
891 5165 949 5218 Cat.
970 5167 1003 5218 de
1021 5168 1081 5245 lege
1099 5169 1224 5226 Voconio
1242 5183 1285 5234 ep.
1304 5169 1378 5222 Serv.
1395 5171 1468 5222 Aen.
1485 5169 1508 5234 Ι,
1526 5167 1587 5222 613.
