4334 5976
1209 595 1252 662 id

403 817 476 866 eam
499 801 541 864 de
560 803 609 862 tot
627 797 726 860 rebus
755 795 925 860 consudare
946 796 1051 862 libras
1070 797 1146 862 illos
1168 797 1381 872 affirmaverit,
1406 813 1503 878 qaum
1521 797 1679 877 aarum
1699 811 1799 862 anun
1818 803 2057 862 mammeam

404 921 513 998 legere
533 915 589 976 vix
609 913 743 992 possett
786 903 960 994 τηλικαύτη
984 904 1049 994 γὰρ
1073 903 1095 996 ἡ
1123 905 1264 994 διαφορὰ
1290 907 1401 996 plynos
1427 912 1484 996 τῆς
1507 905 1675 978 amem
1699 908 1756 978 aul
1780 905 1869 994 mci
1891 905 2061 994 Ῥωμαίοις

403 1032 460 1116 τῆς
485 1029 549 1094 νῦν
566 1022 648 1112 πρὸς
666 1025 726 1110 τὴν
745 1020 883 1110 ἀρχαίαν
905 1021 983 1102 Ocra
1002 1021 1079 1102 eade
1097 1022 1333 1102 memorianus
1353 1024 1424 1092 ἔνια
1444 1023 1535 1110 pitu
1553 1023 1586 1108 ἐξ
1597 1023 1785 1103 hadrac
1792 1027 1995 1110 dempserim
2015 1061 2060 1074 -

406 1155 449 1216 nt
464 1147 692 1212 Praenestinos
713 1145 814 1208 libros
839 1147 1012 1220 consuluit,
1033 1153 1068 1210 ut
1082 1147 1179 1210 docet
1193 1149 1250 1224 lrg.
1262 1145 1313 1211 60.
1336 1179 1379 1192 —
1399 1151 1497 1212 Immo
1513 1163 1577 1210 non
1592 1147 1698 1210 docet.
1740 1149 1821 1210 Nam
1834 1146 2058 1226 quaescholia
2125 1185 2126 1206 .

408 1269 527 1331 Veron.
550 1278 701 1326 ramasse
723 1261 899 1324 ostendunt
920 1262 1072 1326 Oatonem
1095 1265 1138 1326 de
1159 1263 1310 1336 anculo,
1333 1277 1373 1324 ea
1392 1279 1456 1326 non
1478 1271 1555 1328 sunt
1574 1281 1615 1326 ea
1636 1261 1725 1326 libris
1745 1263 1972 1336 Praenestinis,
1995 1264 2057 1326 sed
2125 1265 2126 1280 ¹

408 1386 547 1448 alama
571 1380 679 1456 petita.
706 1378 745 1440 ei
767 1377 866 1440 Solin.
891 1377 922 1454 2,
943 1378 973 1442 9.
1015 1379 1146 1442 Multum
1175 1395 1255 1444 sene
1282 1395 1363 1442 usus
1391 1384 1445 1442 eat
1470 1379 1548 1444 Octo
1577 1380 1669 1443 etiam
1697 1385 1840 1442 extremo
1862 1381 1946 1442 vitre
1970 1395 2055 1442 anno

408 1501 494 1566 omni
515 1499 675 1561 literarum
705 1509 838 1572 genere,
865 1495 927 1556 sed
949 1493 1025 1556 nihil
1048 1495 1150 1556 estin
1172 1495 1226 1570 iis,
1256 1511 1339 1574 quae
1361 1495 1473 1560 Cicero
1496 1513 1570 1558 eum
1590 1496 1711 1558 inducit
1736 1497 1934 1570 laudantem,
1961 1497 2056 1574 eujus

409 1619 439 1681 ei
460 1617 561 1680 tuisse
583 1612 690 1690 possit
709 1609 810 1672 videri
831 1625 913 1671 usus
936 1611 1006 1672 sive
1021 1627 1099 1672 suae
1116 1611 1227 1672 aetatis
1249 1610 1425 1685 historiam,
1441 1612 1512 1674 sive
1527 1612 1714 1674 celtiberice
1727 1614 1886 1676 scribenti
1929 1611 1960 1674 B
1980 1611 2055 1674 blihi

409 1735 538 1814 quidcnr
559 1731 660 1806 primo
683 1729 757 1790 loeo
779 1725 957 1802 scripsisse
978 1726 1103 1788 videtur
1126 1727 1157 1788 in
1181 1725 1362 1804 Originibus
1386 1744 1469 1807 quae
1497 1729 1568 1806 ipse
1590 1730 1714 1790 viderat
1739 1735 1771 1790 et
1791 1730 2054 1806 percunctatione

409 1851 583 1918 audiverat,
607 1844 724 1907 deinde
745 1856 829 1919 quae
852 1845 949 1920 vulgo
973 1845 1184 1908 credebantur
1211 1845 1305 1906 etiam
1327 1847 1368 1908 de
1390 1845 1521 1908 Graccis
1547 1845 1729 1908 Latinorum
1757 1845 1948 1921 oppidorum
1974 1861 2054 1906 con-

409 1967 577 2038 ditoribus,
598 1959 748 2022 adhibitis
770 1959 877 2024 Fabiis
896 1961 1088 2038 Oineiisque,
1111 1962 1139 2022 si
1162 1977 1245 2037 quos
1268 1959 1445 2024 habuerant
1463 1962 1586 2038 reliqua
1606 1961 1714 2024 ltaliae
1736 1961 1865 2038 oppida,
1886 1968 1919 2022 et
1939 1977 2055 2037 graece

410 2083 550 2149 etlatine
564 2077 788 2140 scribentibus.
831 2079 864 2138 ln
887 2077 938 2150 iis,
961 2093 1043 2153 quae
1064 2077 1136 2152 ipse
1160 2078 1290 2151 viderat,
1312 2077 1405 2140 testis
1428 2093 1507 2138 sene
1519 2076 1644 2154 integer
1657 2079 1838 2156 gravisque,
1860 2077 1956 2150 iniis,
1971 2093 2054 2154 quoe
2126 2147 2127 2152 ἵ

410 2199 585 2266 audiverat,
607 2201 641 2256 ut
662 2194 736 2256 olim
751 2191 945 2266 Herodotus,
967 2208 1032 2254 non
1053 2194 1097 2254 ite
1118 2207 1193 2254 acer
1208 2193 1322 2272 judex,
1345 2193 1399 2270 qui
1421 2209 1483 2256 non
1508 2193 1666 2256 dubitaret
1685 2195 1803 2257 reterre
1826 2193 1919 2256 etiam
1932 2193 2054 2254 Polites

412 2315 619 2389 crudosque,
643 2311 775 2375 Cercios
798 2324 840 2370 ex
861 2309 997 2386 saleque
1018 2325 1106 2372 mero
1129 2314 1265 2372 montes.

1188 2475 1284 2582 VI.

454 2672 482 2732 1.
515 2669 638 2745 Quanta
658 2657 750 2722 luerit
771 2656 900 2720 Catonis
923 2631 1192 2734 apudllomanos
1215 2657 1387 2732 auctoritas
1410 2657 1504 2721 etiarn
1526 2659 1650 2731 mortui,
1673 2674 1771 2737 quum
1792 2673 1834 2720 ex
1855 2657 1959 2719 mulis
1981 2657 2052 2718 eliis

411 2789 520 2857 rebus,
543 2779 725 2843 tumetium
748 2789 788 2836 ex
811 2789 866 2846 eo,
895 2775 983 2848 quod
1005 2774 1102 2836 multo
1126 2782 1201 2850 post
1223 2774 1399 2839 sententies
1423 2775 1616 2838 Catonianos
1640 2775 1771 2838 oracula
1791 2791 1855 2836 non
1877 2775 1971 2836 modo
1993 2773 2053 2834 ha·

409 2906 539 2974 bebant
562 2897 622 2960 sed
645 2894 739 2956 etiam
752 2889 913 2954 vocabant
934 2888 1149 2966 (1111123.
1166 2892 1194 2953 t.
1212 2891 1261 2956 8³.
1277 2891 1345 2954 123.
1364 2891 1431 2956 126.
1454 2907 1482 2953 1.
1497 2893 1528 2954 1).
1546 2907 1573 2952 1.
1588 2891 1620 2952 lr.
1635 2907 1666 2968 p.
1682 2889 1727 2968 q.)
1750 2891 1842 2952 laciie
1864 2891 2052 2966 intelligitur.

412 3013 573 3102 Agricola
593 3014 667 3074 crat
687 3005 816 3082 cotta-e,
837 3005 944 3082 itaque
967 3021 1031 3066 non
1045 3008 1141 3069 modo
1163 3009 1253 3082 liber,
1276 3025 1370 3086 quern
1386 3009 1516 3084 scripsit
1537 3006 1578 3068 de
1592 3023 1627 3068 re
1641 3007 1771 3080 rrrstiea,
1786 3007 1910 3083 plurimi
1925 3023 2054 3083 semper

410 3135 595 3201 hebebatur,
617 3141 729 3186 verum
751 3123 843 3184 etiarn
866 3137 905 3182 ex
927 3121 997 3184 aliis
1013 3123 1141 3198 scriptis
1157 3124 1231 3196 loci,
1255 3125 1308 3202 qui
1324 3129 1413 3184 erant
1427 3125 1468 3184 de
1484 3122 1684 3198 agricultura,
1700 3123 1868 3200 diligenter
1881 3125 2050 3184 transscri-

411 3251 575 3314 bebantur.
600 3245 691 3318 (lrgg.
716 3239 763 3312 13,
786 3239 837 3310 54,
861 3236 905 3313 d.)
947 3237 994 3300 De
1018 3255 1134 3313 genere
1156 3255 1232 3301 vero
1257 3240 1383 3301 dicendi
1405 3255 1513 3300 verum
1536 3245 1587 3300 est
1603 3239 1760 3314 jndicium
1782 3239 1945 3302 Ciceronis
1965 3239 2050 3299 Brut

414 3367 465 3440 87,
487 3363 563 3426 ite:
595 3352 759 3420 Volaendi
778 3349 860 3414 euim
880 3355 955 3414 saar
976 3349 1057 3414 tttrt
1076 3369 1146 3416 cum
1166 3353 1309 3418 cumam
1330 3360 1394 3418 tam
1415 3351 1574 3434 imprimis
1595 3351 1740 3418 Catonia.
1783 3352 1950 3438 itleliiper
1969 3349 2052 3414 etth

410 3478 502 3544 illias
522 3471 724 3540 lineamentis
744 3467 811 3532 aba·
830 3485 941 3532 eorum
958 3467 1209 3552 pigmentorum,
1231 3487 1317 3554 puae
1336 3469 1470 3534 irruente
1490 3469 1631 3558 aoadmn
1652 3475 1767 3546 aaut,
1794 3467 1909 3552 florem
1937 3475 1968 3534 et
1996 3487 2050 3532 co·

412 3599 516 3662 iorem
536 3585 690 3671 defuisse.
732 3591 801 3652 Hoc
823 3589 897 3649 loco
919 3587 1013 3648 facile
1034 3588 1232 3664 explicentur
1258 3589 1381 3665 reliqua
1400 3587 1523 3664 judicia
1545 3589 1722 3661 Ciceronis,
1753 3604 1836 3665 quae
1864 3604 1943 3650 sane
1973 3603 2049 3647 con·

412 3718 507 3779 traria
528 3713 628 3790 prirno
652 3710 762 3770 obtutu
789 3710 927 3781 possunt
954 3704 1061 3766 videri.
1104 3706 1190 3768 Brut
1212 3705 1262 3780 85,
1284 3705 1355 3778 294,
1379 3705 1420 3770 de
1443 3710 1520 3766 orat.
1542 3705 1578 3777 ll,
1604 3704 1651 3777 12,
1677 3703 1727 3768 52.
1757 3705 1798 3768 de
1824 3706 1888 3780 leg.
1918 3704 1945 3776 1,
1973 3703 2000 3775 2,
2029 3703 2048 3764 o

411 3831 561 3901 Brutti,
578 3827 627 3890 66.
670 3827 779 3899 ltaque
801 3837 841 3882 ex
864 3822 1070 3895 orationihus,
1090 3822 1184 3882 etiam
1206 3837 1246 3882 cx
1267 3822 1316 3896 iis,
1340 3837 1422 3898 quae
1438 3821 1618 3898 Originibus
1641 3827 1730 3882 erant
1750 3819 2048 3896 1111111111οὸ

413 3947 538 4023 11120)
561 3954 654 4006 etex
676 3941 755 4018 ipsis
779 3939 958 4014 Originibus
988 3941 1084 3999 multu
1111 3939 1335 4011 laudabuntur,
1363 3953 1427 3998 non
1453 3943 1584 4014 propter
1609 3953 1678 4010 res,
1708 3939 1769 3998 sed
1791 3944 1922 4016 propter
1941 3939 2048 4008 verbe,

414 4067 506 4145 quus
530 4061 655 4140 generis
685 4055 842 4120 exsertis
866 4055 1027 4130 Originum
1056 4054 1238 4130 fragmentis
1268 4059 1343 4116 sunt
1364 4053 1488 4114 circiter
1510 4053 1681 4129 octogiuta.
1724 4053 1834 4116 Mirum
1864 4069 1958 4129 porro
1986 4069 2047 4114 non

413 4190 475 4256 est,
498 4183 585 4258 quod
608 4178 639 4238 in
660 4181 747 4238 tantu
767 4172 933 4248 scriptoris
956 4171 1106 4247 dignitate
1129 4171 1221 4234 etiam
1244 4173 1431 4246 interpretes
1445 4169 1576 4245 Vergilii
1598 4169 1714 4232 nullius
1736 4171 1884 4232 libentius
1904 4169 1957 4230 usi
1977 4177 2047 4230 sunt

415 4299 601 4362 auctoritate
631 4309 725 4369 quarn
745 4289 884 4362 caronis,
912 4287 1098 4364 praesertim
1127 4303 1223 4362 quum
1251 4283 1438 4368 plearheime
1463 4283 1505 4348 cie
1530 4280 1667 4348 urbibus
1687 4279 1815 4348 italicis
1844 4285 2045 4360 scripsisset;

415 4417 589 4492 fragmento
610 4408 817 4486 suppeditent
837 4406 1024 4482 interpretes
1046 4405 1091 4465 illi
1113 4404 1177 4464 lere
1196 4404 1330 4478 triginta
1375 4406 1497 4480 Quanta
1518 4402 1610 4462 luerit
1628 4401 1788 4478 Originum
1805 4401 1941 4478 dignitus
1956 4401 2045 4462 lacile

415 4531 607 4608 perspicitur
628 4542 668 4588 ex
690 4541 729 4587 ee
748 4537 793 4596 re,
817 4523 904 4597 quod
925 4521 1044 4584 Plinius
1067 4521 1097 4580 in
1119 4520 1235 4582 ltnlicis
1258 4521 1389 4582 urbibus
1413 4517 1653 4590 describendis,
1683 4517 1744 4578 nisi
1767 4533 1849 4594 quae
1876 4518 2045 4578 uGraeeis

416 4647 626 4722 scriptoribus
654 4644 810 4704 illustrata
838 4643 926 4700 erant
956 4651 1091 4712 magnae
1120 4637 1272 4697 Graeciae
1301 4637 1434 4712 oppida,
1468 4635 1559 4694 etiam
1587 4640 1665 4710 post
1691 4634 1807 4711 Hygini
1835 4651 1963 4711 operam
1991 4635 2045 4694 irn-

416 4764 524 4843 primis
541 4764 692 4824 catonem
715 4763 846 4819 secutus
863 4757 1097 4816 astructorem.
1123 4754 1314 4829 Fragmenta
1328 4753 1397 4828 ejus
1414 4751 1540 4828 generis
1557 4759 1631 4814 sunt
1646 4751 1768 4814 decem.
1812 4750 1842 4814 2.
1865 4752 1947 4828 Quid
1961 4767 2045 4821 vero,

419 4883 518 4944 decus
542 4878 619 4938 illud
640 4876 746 4937 cruiae
767 4873 891 4948 torique
917 4874 1012 4946 etque
1034 4870 1204 4945 imperator
1226 4869 1372 4932 omnibus
1396 4869 1561 4930 virtutibus
1585 4874 1712 4930 ornatus
1737 4868 1978 4944 circumcidite,
2001 4868 2045 4928 in-

418 4997 549 5068 dustria,
572 4993 724 5064 doctrina,
745 4988 960 5052 voluntatibus
984 4987 1121 5048 omniurn
1143 4986 1208 5046 iere
1231 4987 1369 5048 omnium
1386 4985 1547 5046 civitatum
1562 4985 1801 5060 magistratuum
1817 4984 1895 5046 mire
1910 4985 2045 5062 adjutus,

416 5129 470 5176 res
490 5115 650 5174 Romanas
672 5123 736 5172 non
758 5107 854 5168 modo
876 5103 1081 5180 antiquiores,
1104 5117 1213 5167 verum
1236 5103 1330 5166 etiam
1345 5119 1425 5168 suae
1440 5103 1552 5166 aeteus
1561 5101 1765 5180 perscripsit,
1787 5105 1905 5178 quanto
1922 5101 2045 5176 plausu,
