4334 5976
963 691 991 754 ’3

167 937 170 945 .
247 889 276 952 6.
310 889 376 954 Sed
398 899 461 952 uno
484 891 637 952 etaltera
660 892 735 952 loco
758 889 867 952 addito
891 905 988 968 quum
1010 889 1087 952 nihil
1115 891 1338 966 proficeretur,
1366 893 1452 952 viam
1481 895 1711 972 serationem,
1742 915 1805 978 qua

142 1015 211 1076 rea,
234 1006 343 1080 quoad
358 1005 428 1082 ejus
445 1006 512 1070 freri
527 1011 653 1082 posset,
676 1007 718 1068 ad
739 1005 895 1084 liquidum
918 1005 1156 1082 perduceretur,
1180 1007 1369 1068 monstravit
1393 1008 1617 1084 Gregorius
1639 1014 1803 1090 flainus,

144 1121 255 1196 quiin
279 1122 526 1195 commentariis,
555 1137 639 1199 quos
661 1122 794 1198 scripsit
814 1123 870 1215 ad·
890 1122 976 1184 XXX
996 1107 1132 1184 lctomnr
1163 1123 1339 1199 fragmenta
1368 1125 1518 1185 Genavae
1543 1125 1636 1201 1764)
1668 1129 1758 1192 Tam.
1782 1133 1804 1202 l,

144 1253 179 1310 p.
202 1235 326 1308 tir-63
350 1237 454 1298 obiter
473 1237 677 1315 significavit,
700 1239 864 1315 quomodo
886 1238 1048 1314 Originum
1076 1239 1230 1314 reliquiae
1257 1238 1480 1314 disponendae
1502 1242 1693 1306 viderentur.
1737 1246 1803 1308 Du·

144 1351 269 1414 bitabat
289 1352 382 1424 eninr,
406 1359 509 1414 utrum
531 1354 716 1430 fragmenta,
740 1370 823 1430 quae
843 1353 959 1442 adjus
982 1359 1140 1429 spectant,
1164 1353 1276 1416 Catoni
1297 1355 1388 1429 patri,
1411 1373 1451 1416 an
1471 1357 1535 1420 tilio
1558 1359 1806 1433 attribueret‚·et
1837 1363 1843 1370 “

142 1482 186 1526 ne
207 1468 285 1542 quid
307 1469 451 1540 deesset,
475 1483 588 1532 omnes
609 1469 740 1533 Catonis
762 1470 914 1546 reliquias
931 1470 1123 1545 composuit.
1165 1469 1214 1532 De
1229 1470 1391 1546 Originum
1405 1472 1459 1532 ille
1474 1473 1602 1548 quidem
1619 1476 1803 1552 fragmentis

142 1599 247 1659 saepe
274 1599 354 1645 sanc
383 1584 517 1657 erravit,
545 1585 606 1646 sed
635 1575 723 1646 recte
749 1586 930 1661 perspexit,
953 1585 994 1646 de
1016 1591 1083 1648 toto
1108 1600 1206 1661 opere
1223 1583 1359 1661 judicari
1382 1603 1446 1648 non
1467 1604 1570 1664 posse
1593 1589 1655 1652 nisi
1677 1591 1804 1668 digesta

141 1699 215 1760 rudi
238 1699 292 1759 illa
314 1681 507 1762 incertorum
530 1701 776 1778 fragmentorum
798 1701 894 1775 mole,
918 1717 1000 1778 quae
1022 1707 1087 1764 tum
1106 1701 1236 1776 quidem
1251 1707 1409 1764 certorum
1425 1703 1671 1778 fragmentorum
1687 1723 1803 1783 agmen
1828 1693 1832 1706 ’

70 1809 72 1812 ’
143 1804 327 1877 claudebat
372 1817 400 1876 l.
438 1820 586 1878 Attamen
614 1800 733 1888 lacem,
762 1832 857 1893 quam
884 1818 1047 1892 praetulit,
1075 1833 1139 1878 non
1162 1817 1265 1877 secuti
1288 1823 1378 1891 sunt,
1409 1817 1463 1894 qui
1487 1819 1642 1897 deinceps
1666 1823 1802 1884 eandem

148 1945 217 1990 rem
238 1933 427 2005 tractabant,
449 1934 643 1994 Albertus
665 1933 761 1994 Lien
774 1929 803 2005 *i
826 1938 859 1993 et
878 1932 987 2010 liuga
1006 1947 1079 1994 van
1094 1929 1332 2006 Bolhuis**),
1356 1933 1410 2008 qui
1426 1935 1711 2013 eodemtemporc,
1733 1939 1753 1998 i.
1772 1954 1800 2000 e.

143 2049 206 2110 sub
229 2045 325 2108 finem
347 2048 420 2108 anni
445 2047 526 2112 1826
548 2049 723 2124 fragmenta
746 2048 921 2112 Catoniana
944 2049 1127 2120 ediderunt,
1151 2063 1285 2124 quorum
1307 2050 1388 2110 alter
1408 2049 1586 2112 incredibili
1608 2053 1802 2128 negligentia

141 2163 307 2239 reliquiae,
331 2179 413 2239 quas
437 2165 582 2226 ediderat
607 2163 732 2240 Popma
753 2164 886 2236 iteravit,
915 2164 1249 2240 praeterquamquod
1279 2167 1313 2226 fr.
1340 2164 1398 2226 113
1428 2165 1620 2228 deteriorum
1649 2168 1803 2246 librorum¹

141 2279 366 2340 auctoritatem
388 2285 521 2341 secutus
545 2296 586 2340 ex
607 2280 688 2342 libro
711 2279 850 2357 septimo
872 2285 992 2340 temere
1012 2280 1173 2340 transtulit
1193 2279 1224 2366 in
1246 2281 1373 2341 tertium
1388 2282 1586 2359 saepiusque
1601 2283 1696 2344 locos
1712 2291 1799 2346 rectc

143 2395 308 2471 aPopma
329 2396 498 2473 sejunctos
523 2397 744 2472 conglobavit,
767 2397 847 2456 alter
867 2410 928 2456 nec
951 2395 1081 2470 incerta,
1105 2411 1188 2472 quae
1212 2396 1414 2469 dicebantur,
1437 2397 1580 2460 inserere
1611 2394 1671 2459 nec
1701 2401 1798 2476 longe

141 2512 313 2587 avulgata
337 2512 448 2574 ordine
468 2513 623 2573 recedere
644 2529 746 2574 ausus
769 2517 834 2586 est,
863 2513 924 2574 scd
946 2513 1025 2574 satis
1047 2511 1160 2594 halruit
1180 2527 1233 2574 res
1256 2511 1429 2588 adscriptis
1460 2519 1493 2574 et
1514 2519 1657 2576 veterum
1689 2521 1721 2576 et
1746 2532 1797 2578 re·

141 2621 316 2690 cantiorum
336 2627 529 2690 testimoniis
551 2627 746 2704 explicasse.
791 2626 820 2691 8.
848 2628 1009 2700 Neutrius,
1032 2643 1091 2688 nec
1113 2627 1258 2705 Maiensii
1280 2644 1340 2689 nec
1361 2628 1582 2702 Bolhuisii,
1608 2627 1694 2704 (nem
1714 2631 1796 2693 Lion

143 2743 230 2804 nullo
259 2744 291 2802 in
320 2759 451 2805 numero
483 2741 548 2817 est)
576 2739 826 2806 diremtotioner
845 2741 996 2807 ammirei
1020 2729 1230 2824 repetebas
1258 2742 1369 2820 (praef.
1392 2761 1423 2820 p.
1447 2744 1503 2818 Vl)
1532 2745 1712 2820 profitetur,
1743 2749 1798 2824 qui

62 2918 68 2926 ,
146 2863 224 2932 post
237 2873 296 2918 eos
319 2873 385 2918 rem
408 2857 557 2932 suscepit
568 2859 736 2934 Augustus
750 2857 958 2936 Krause***);
972 2861 1047 2922 item
1062 2860 1206 2924 ordinem
1218 2859 1362 2936 Popmae
1375 2860 1510 2931 retinuit,
1528 2861 1588 2920 sed
1604 2877 1644 2922 ex
1666 2863 1795 2926 incertis
1846 2845 1848 2848 ⁵

33 2979 38 2984 '
141 2973 327 3048 fragmentis
351 2973 475 3034 circiter
494 2972 622 3049 triginta
643 2974 813 3034 maximam
832 2980 956 3048 partem
978 2976 1010 3034 in
1031 2975 1166 3049 primum
1188 2975 1302 3036 librum
1323 2975 1469 3044 inseruit,
1499 2975 1577 3035 mire
1599 2993 1693 3052 quam
1718 2993 1796 3038 con·

137 3087 263 3148 turbata
286 3093 383 3164 atque
406 3089 552 3150 confusa
595 3087 719 3164 Quodsi
742 3088 783 3148 de
804 3087 958 3160 consilio,
988 3087 1076 3164 quod
1106 3086 1182 3148 Cato
1206 3087 1237 3146 in
1260 3087 1505 3148 conscribendis
1529 3087 1711 3165 Originibus
1740 3107 1795 3154 se·

139 3208 232 3264 cutus
259 3219 336 3264 csse
358 3203 529 3276 videretur,
552 3203 691 3280 aliquam
713 3203 884 3265 habuisset
906 3204 1099 3295 opinionem,
1122 3171 1228 3277 neque
1251 3202 1393 3263 ordinem
1414 3201 1557 3278 Popmae
1581 3219 1681 3280 saepe
1703 3207 1794 3268 inex-

62 3395 65 3402 ·
137 3318 319 3394 plicabilem
333 3319 520 3380 retinuisset
533 3333 640 3395 neque
655 3325 702 3380 tot
723 3319 898 3395 fragmenta
913 3319 1101 3394 reliquisset
1120 3318 1242 3378 incerta
1263 3333 1369 3393 neque
1385 3322 1450 3378 tam
1468 3319 1603 3379 confusa
1618 3321 1794 3396 fragmenta

136 3434 237 3508 primo
261 3434 340 3496 libro
363 3435 569 3496 inculcasset.
612 3435 807 3512 Legcntibus
837 3435 941 3510 ipsius
970 3434 1193 3495 annotationes
1224 3433 1317 3496 facile
1344 3433 1512 3509 apparebit
1545 3435 1690 3510 piguisse
1720 3453 1793 3498 eum

120 3551 241 3610 *acrius
264 3565 330 3612 reru
352 3551 538 3628 perquirere
559 3552 818 3627 etinvestigare.

235 3664 264 3725 9.
289 3666 342 3727 Sic
364 3681 418 3728 res
440 3683 479 3727 se
494 3667 644 3740 habebat,
667 3682 764 3743 quurn
781 3667 821 3728 ad
839 3681 909 3726 eam
922 3667 1016 3742 quasi
1031 3665 1184 3740 integram
1202 3633 1345 3726 accessit
1358 3665 1394 3724 Α.
1410 3663 1627 3741 Wagener†).
1649 3666 1789 3728 Primum

135 3787 222 3842 recte
246 3782 335 3854 lecit,
370 3783 458 3860 quod
493 3799 533 3844 ex
554 3783 697 3858 Popmae
724 3787 886 3858 potestate
914 3797 951 3842 se
981 3779 1202 3874 emancipavit
1252 3779 1375 3840 Deinde
1403 3779 1434 3838 in
1462 3779 1590 3856 singula
1617 3782 1792 3858 fragmenta

136 3897 303 3972 diligenter
324 3905 357 3960 et
378 3899 474 3960 docte
496 3897 660 3975 inquisivit
680 3898 864 3973 optimeque
892 3897 933 3956 de
956 3897 1180 3958 emendatione
1203 3910 1313 3956 eorum
1335 3894 1465 3956 meritus
1495 3901 1554 3956 est.
1598 3895 1663 3958 Sed
1692 3913 1790 3974 quum

135 4013 246 4074 vitaret
267 4013 462 4091 Charybdim
484 4013 599 4074 nimiae
620 4013 802 4089 religionis,
826 4029 890 4089 qua
910 4013 1096 4074 laborarunt
1116 4011 1313 4086 superiores,
1336 4010 1447 4070 incidit
1467 4011 1499 4070 in
1521 4010 1673 4086 Scyllam.
1718 4013 1789 4074 Non

134 4128 216 4188 enim
227 4113 407 4206 quaeritur,
431 4145 496 4206 quo
519 4130 646 4206 singula
666 4131 842 4206 fragmenta
863 4128 971 4189 referri
994 4126 1172 4203 possint,
1200 4126 1260 4186 sed
1289 4141 1353 4202 quo
1378 4126 1564 4188 necessario
1588 4127 1695 4220 referri
1725 4127 1789 4188 dc-

135 4245 267 4306 beant
309 4247 343 4310 In
370 4247 547 4308 levioribus
571 4246 700 4323 quidem
732 4246 829 4306 rebus
859 4244 952 4304 facile
979 4242 1132 4318 patimur,
1161 4241 1189 4302 si
1218 4242 1291 4318 quis
1320 4241 1382 4303 isto
1413 4242 1666 4318 conjecturarum
1693 4243 1788 4304 utitur

134 4375 258 4434 genere,
278 4360 340 4421 sed
361 4361 405 4422 ita
426 4364 550 4424 abusus
573 4367 626 4423 est
645 4360 818 4438 Wagener,
847 4365 883 4420 ut
902 4375 942 4420 ne
964 4359 1170 4420 summarium
1193 4357 1332 4434 quidem,
1357 4356 1444 4433 quod
1466 4357 1595 4418 tradidit
1618 4357 1784 4421 Cornelius

227 4585 251 4648 ⁰)
269 4586 421 4639 Catoniana
441 4589 497 4638 aire
519 4589 556 4640 M.
582 4588 673 4642 Porcii
699 4589 811 4639 Catonis
835 4587 958 4638 Censorii
985 4601 1052 4653 qnae
1078 4556 1218 4652 Supersunt
1247 4565 1355 4649 opernm
1377 4584 1532 4648 fragments.
1573 4583 1648 4634 Nunc
1673 4585 1784 4650 primurn

132 4683 247 4740 seorsum
264 4689 365 4738 auctius
384 4689 469 4739 edidit
486 4689 611 4739 Albertns
629 4689 706 4738 Lien.
743 4685 886 4750 Gottingae
905 4683 978 4736 1826.

217 4785 265 4848 ,“’)
283 4788 402 4838 Joannes
420 4789 498 4853 Hugo
516 4803 566 4837 van
578 4787 691 4838 Bolhuie
710 4787 824 4836 diatriba
842 4785 972 4835 litteraria
989 4783 1015 4833 in
1033 4783 1070 4834 Μ.
1080 4783 1171 4834 Porcii
1189 4780 1299 4832 Catonis
1312 4779 1434 4832 Censorri
1452 4795 1519 4845 qnae
1537 4785 1676 4844 supersunt
1685 4780 1784 4865 scripta

28 4957 31 4960 Ι
131 4883 324 4948 miragrnenta.
359 4885 529 4952 'l'rajecti'ad
546 4887 665 4939 Rhenum
684 4885 758 4944 laea.
874 4927 879 4939 .

226 4981 276 5045 “’)
293 4986 373 5036 Vitae
391 4995 418 5036 et
433 4987 582 5052 fragmenta
592 4993 707 5035 veterum
717 4983 903 5034 historicorum
913 4982 1099 5033 Romanorum.
1127 4978 1430 5045 ComposuitAugustus
1441 4978 1552 5028 Κτοοοο.
1575 4975 1695 5028 Berolini
1708 4977 1781 5028 1831.

226 5083 253 5147 †)
269 5085 308 5136 lt.
326 5087 416 5138 Porcii
430 5087 542 5138 Catonia
561 5085 691 5150 originum
708 5083 857 5148 fragmenta
867 5081 1015 5142 emendata,
1035 5079 1176 5144 disposita,
1187 5076 1363 5128 illustrataab
1382 5079 1417 5128 Δ.
1428 5077 1567 5143 wagener.
1584 5075 1695 5157 Bonnaa
1709 5075 1781 5128 1849.

132 5185 247 5247 (dissert.
264 5183 364 5250 inaug.)

1590 5257 1629 5319 1.
