4334 5976
948 631 991 696 27

5 846 63 908 :zi
143 837 295 912 iacimus,
314 836 401 917 apud
423 832 643 900 ilornclium
663 831 856 912 Nepotem
877 831 955 896 licto
971 831 1002 908 ³.
1018 831 1111 896 ³-u
1153 833 1261 911 Atque
1288 831 1330 894 de
1351 829 1546 909 reliquuntm
1566 829 1791 908 imperatorum

4 955 72 1032 leur:

5 1207 68 1270 ser

4 1334 51 1381 diti

5 1456 32 1500 fii.
51 1476 60 1506 g

4 1563 55 1635 ³2⁴³!

146 955 223 1020 uitis
244 969 344 1034 quum
363 951 445 1014 aliae
466 949 600 1014 ellonem
621 949 821 1012 etiamnunc
848 947 914 1012 sint
934 949 1127 1024 sententiae,
1154 949 1186 1012 ln
1209 965 1249 1012 eo
1272 948 1476 1012 consentiunt
1502 948 1568 1010 iere
1591 961 1706 1010 omues
1734 946 1789 1022 (ci.

146 1070 334 1150 Nipperdey
358 1066 461 1132 Praei.
482 1081 514 1144 p.
535 1064 715 1142 xxxviii),
737 1063 815 1128 nihil
837 1081 932 1140 esse,
955 1081 1013 1130 cur
1032 1067 1163 1131 catonis
1185 1066 1269 1129 lrnnc
1292 1065 1388 1128 uitam
1409 1067 1449 1128 ab
1470 1065 1544 1142 ipso
1566 1064 1691 1142 Nepote
1712 1065 1793 1126 scri·

148 1195 238 1268 ptam
259 1203 336 1250 esse
356 1198 523 1262 negemur.
567 1181 623 1246 uui
645 1180 824 1244 sententiae
850 1182 880 1244 si
901 1182 957 1260 qui
977 1183 1072 1246 etium
1093 1189 1205 1246 contra
1225 1182 1374 1246 codicum
1401 1183 1621 1246 auctoritatem
1649 1180 1794 1244 dubitent

149 1303 367 1375 subscribere,
389 1315 499 1364 conum
521 1299 691 1378 opiniones
713 1297 855 1361 minuare
871 1298 939 1376 jam
959 1315 1024 1362 non
1045 1300 1077 1362 in
1099 1299 1204 1364 animo
1219 1298 1295 1362 milri
1308 1305 1368 1363 cst
1389 1331 1433 1344 -
1451 1303 1496 1363 nt
1515 1299 1612 1361 mulin
1632 1298 1742 1360 insunt
1761 1295 1793 1358 in

150 1421 282 1499 reliquia
304 1419 394 1491 ritis,
422 1431 506 1493 quae
526 1416 609 1478 lslso
631 1429 710 1478 esse
736 1419 861 1478 nancta
880 1416 963 1478 inter
988 1431 1100 1480 omnes
1128 1421 1265 1480 consini.
1312 1416 1378 1480 Sed
1404 1431 1519 1494 quum,
1546 1418 1583 1477 ut
1606 1415 1679 1492 ipso
1705 1413 1792 1488 dicit,

148 1532 333 1622 sepmutin
354 1529 474 1598 librum
486 1529 529 1596 de
543 1527 669 1596 &une
684 1523 821 1611 sociarat
833 1535 958 1616 ropclu
970 1526 1007 1594 Τ.
1022 1528 1200 1616 Ροιιροπίι·
1211 1528 1319 1598 Attici
1336 1531 1541 1610 intelligentis
1563 1547 1671 1594 curum
1686 1543 1793 1593 rerum

4 1697 54 1756 :52
149 1655 303 1732 dccdquc
318 1647 557 1722 existimatoris,
579 1647 729 1726 quiscat,
753 1647 807 1727 qui
828 1653 963 1710 censent
975 1649 1166 1728 scriptorem
1178 1665 1291 1714 return
1303 1643 1793 1734 nmriuenosindiiipenten

7 1801 51 1862 ,ᾗ
149 1769 333 1847 (ccliiiv,
354 1766 407 1844 28,
430 1765 462 1844 1)
486 1781 570 1844 opus
593 1763 806 1828 clarissimum
828 1764 973 1840 catomo,
1001 1766 1090 1844 quod
1118 1781 1157 1828 eu
1184 1773 1289 1830 aetate
1316 1767 1368 1829 vel
1390 1781 1561 1844 puerorum
1584 1771 1653 1828 erat
1671 1764 1703 1828 in
1724 1779 1792 1827 ma·

6 1939 47 1978 r.
151 1887 263 1960 nibus,
296 1891 351 1948 aut
376 1899 439 1946 non
466 1881 633 1945 lectitasse
658 1887 713 1944 aut
740 1897 896 1944 summam
917 1897 959 1944 ex
980 1898 1021 1944 eo
1044 1899 1219 1962 excerpere
1240 1901 1305 1948 non
1325 1885 1483 1964 potuisse.
1527 1883 1680 1960 Quoniam
1700 1882 1794 1960 trinu

4 1989 44 2098 ψ’.
150 2003 355 2070 summarium
376 2000 454 2064 illud
476 2001 508 2062 in
530 1997 759 2062 dubitationem
779 1999 889 2060 vocari
910 2015 975 2061 nou
996 2005 1117 2078 potest,
1139 2002 1357 2080 quaerendum
1377 1999 1517 2073 videtur,
1540 2014 1614 2061 uum
1634 1999 1700 2062 loci
1723 1997 1793 2062 Ori·

8 2104 32 2216 s:
151 2120 257 2200 prum
279 2118 483 2180 auctoribus
505 2114 716 2192 scriptoribus
739 2114 826 2176 cituti
846 2114 944 2193 iique,
965 2131 1049 2195 quos
1076 2117 1148 2180 libri
1174 2131 1306 2180 numero
1327 2133 1390 2180 non
1415 2115 1523 2180 addito
1546 2131 1587 2178 ex
1609 2114 1794 2194 conjectura

4 2291 38 2336 r..
150 2235 286 2314 sidrudis
308 2234 397 2298 libris
420 2229 591 2308 adscripsi,
613 2230 761 2294 ermeno
782 2231 898 2309 Nepoti
918 2239 1107 2310 repugnent
1150 2233 1296 2329 ceterum
1318 2234 1417 2296 mirus
1437 2233 1469 2296 in
1490 2237 1578 2294 teuta
1591 2247 1792 2296 numerorum

10 2413 22 2454 ·.
150 2351 349 2417 multitidine
371 2353 423 2412 est
443 2347 590 2412 codicum
612 2361 795 2410 consensus
816 2353 851 2408 et
871 2348 901 2410 si
916 2361 1001 2424 quoe
1017 2356 1069 2414 est
1083 2352 1260 2430 scripturae
1276 2349 1502 2428 discrepando,
1524 2349 1714 2427 optimorum
1730 2363 1791 2412 nos

149 2470 303 2532 librorum
329 2464 547 2528 auctoritatem
568 2463 673 2526 secuti
701 2463 892 2526 deteriorum
919 2463 1075 2530 lectiones
1098 2467 1265 2546 diligenter
1285 2466 1529 2544 adscripsimus.
1568 2466 1678 2544 itaquo
1698 2466 1792 2528 iocus

149 2585 284 2664 Nepotis
305 2583 428 2659 integer
452 2580 734 2644 unnsscribendus
762 2580 975 2660 singulaeque
1000 2581 1175 2648 incisiones
1203 2590 1300 2662 etque
1325 2585 1469 2648 membra
1494 2588 1644 2648 accurata
1671 2581 1792 2644 exomi-

16 2685 33 2776 ’,
112 2735 117 2744 -
150 2701 257 2764 nunde
275 2699 433 2762 videntur.

190 2817 222 2880 2
256 2809 365 2880 Senex
384 2808 544 2878 britonice
563 2806 881 2876 munerationis
922 2809 1046 2880 Εανω
1065 2819 1140 2880 serni
1160 2812 1242 2880 uiri
1259 2819 1391 2900 septen.
1432 2809 1565 2879 Prinne
1582 2810 1794 2878 mutuum

153 2937 263 3018 pestus
282 2946 396 3014 reputo
404 2923 527 3010 pupuli
539 2925 693 3003 Romani,
712 2924 873 2990 secundus
887 2932 920 2991 ei
939 2928 1057 2992 ternu
1076 2929 1164 2994 unde
1182 2949 1332 3017 punem
1351 2929 1471 2994 eicitur
1490 2935 1569 2994 orde
1587 2927 1632 2992 ait
1651 2925 1793 3002 italica,-

9 3117 28 3157 ..
154 3045 198 3114 σὺ
221 3063 319 3133 qoam
338 3059 409 3108 rut
430 3059 538 3110 omno
558 3039 716 3126 Ovinius
734 3039 868 3106 venun
887 3041 1086 3126 anuum
1128 3042 1168 3110 n
1194 3051 1316 3134 qoam
1342 3051 1450 3112 men
1475 3043 1592 3110 usuca
1617 3039 1794 3108 meum

150 3161 309 3250 prim,
329 3159 366 3224 in
378 3157 492 3245 quinto
506 3157 681 3224 remum
702 3189 741 3202 -
764 3164 865 3245 utque
876 3155 959 3223 liceo
975 3159 1085 3226 omniu
1104 3161 1313 3246 capitulatim
1331 3167 1407 3228 sumt
1427 3159 1519 3226 dicte
1539 3193 1579 3208 -
1599 3157 1794 3245 reliquaque

151 3279 241 3348 bellu
256 3275 343 3362 puri
361 3275 457 3342 nodo
474 3279 669 3360 peremtus
689 3279 739 3339 eat
757 3291 861 3362 unque
880 3277 928 3344 cd
942 3283 1141 3361 prunnon
1159 3274 1275 3345 Seruii
1294 3275 1436 3358 Gelbes,
1456 3275 1517 3364 qui
1534 3273 1677 3358 diripuit
1697 3272 1793 3340 Lusi

150 3403 259 3464 tunor.
299 3393 408 3488 Atque
428 3389 544 3457 iorum
566 3388 725 3456 bellorum
745 3389 846 3458 duces
874 3409 942 3460 non
960 3394 1159 3475 ncnincoit,
1183 3395 1244 3462 sed
1267 3396 1341 3463 sine
1364 3391 1549 3462 cornicibus
1572 3407 1629 3458 rer
1651 3387 1790 3457 notauit

6 3496 19 3628 j
151 3511 193 3580 ln
212 3512 328 3578 nrum
341 3507 507 3594 apolon
527 3525 614 3595 quar
627 3508 663 3572 iu
675 3506 780 3574 italia
794 3505 834 3586 (tt
850 3507 1088 3599 caputoque
1100 3518 1159 3578 aar
1171 3511 1288 3600 pom
1300 3519 1360 3579 m
1372 3510 1567 3577 nuenton
1580 3505 1789 3576 aunem

154 3629 195 3694 ln
214 3626 333 3716 quidus
351 3627 455 3692 multu
473 3623 641 3692 industrio
661 3630 694 3690 ei
715 3623 889 3710 dilipeniiu
908 3633 1093 3713 comperet,
1112 3631 1215 3695 multu
1235 3627 1400 3694 doctrine.
1410 3627 1447 3710 1*)

192 3749 222 3813 3.
258 3749 388 3811 Senex
408 3743 604 3807 historias
627 3743 810 3807 scribere
831 3743 1021 3809 instituit
1065 3749 1158 3825 Quod
1178 3747 1331 3812 historiae
1353 3749 1495 3827 appellnt
1507 3746 1618 3824 Nepos
1634 3743 1791 3820 Origines,

152 3868 194 3930 de
216 3881 256 3927 ec
275 3879 311 3927 re
334 3861 550 3935 disseremus,
579 3861 634 3924 ubi
662 3863 703 3924 de
731 3860 940 3939 inscriptione
967 3865 1075 3942 open's
1104 3866 1349 3944 disputabimus.
1399 3863 1564 3944 Quaeritur
1590 3861 1698 3939 igitur,
1726 3873 1790 3936 quo

150 3989 295 4060 tempore
317 3977 463 4054 onrines
484 3975 624 4054 scriptae
646 3991 722 4040 esse
743 3977 921 4041 videantur.
964 3979 1075 4043 dicero
1096 3982 1182 4044 Brut
1206 3981 1257 4056 23,
1273 3981 1314 4046 89
1336 3981 1487 4044 Gelonem
1508 3977 1660 4042 retulisse
1681 3973 1793 4038 scribit

153 4099 329 4160 orationem
351 4096 382 4156 in
405 4095 536 4158 Gulburn
557 4092 697 4157 babilam
715 4095 747 4156 iu
770 4095 910 4174 origines
932 4111 1025 4170 suas,
1057 4095 1178 4178 puncti
1197 4101 1373 4182 mtcpucnr
1392 4101 1540 4162 noritur
1566 4097 1651 4157 esset
1677 4085 1792 4154 Neine

151 4229 198 4277 un
223 4206 392 4276 mentibu.
433 4211 535 4272 Etiam
562 4211 603 4272 de
632 4217 754 4274 senect
783 4211 833 4286 ll,
861 4211 903 4274 37
931 4211 1053 4274 inducit
1079 4213 1231 4278 catonem
1260 4217 1447 4290 docentem,
1470 4213 1641 4292 septimum
1662 4225 1700 4272 se
1724 4215 1791 4269 turn

152 4331 315 4410 Originum
337 4328 450 4391 libnrm
476 4327 509 4388 in
528 4327 674 4390 munibus
697 4325 817 4389 babere
844 4335 877 4389 et
898 4330 1048 4406 quoniam
1070 4332 1266 4410 colloquium
1287 4332 1365 4395 illud
1393 4331 1534 4394 nubium
1561 4327 1652 4406 lingit
1677 4325 1791 4390 Cicero

152 4449 189 4512 Τ.
212 4447 336 4524 Quintio
356 4444 531 4508 Flaminino
552 4444 592 4506 Μ’
613 4444 717 4506 Acilio
737 4443 839 4506 Balbo
862 4459 951 4508 coss.
972 4462 1055 4509 auno
1078 4463 1107 4509 a.
1122 4463 1153 4511 u
1171 4465 1199 4513 c.
1221 4449 1465 4512 sexcentesimo
1475 4452 1587 4525 quarto
1610 4443 1665 4520 (ib.
1680 4442 1711 4516 5,
1727 4439 1790 4515 14),

249 4659 397 4724 eliorum
417 4672 493 4724 quem
515 4653 622 4720 scripsit
642 4655 734 4708 sima
756 4671 807 4708 rau
826 4657 954 4710 Heemirs
976 4659 1010 4712 de
1026 4661 1141 4727 Nepotis
1164 4663 1221 4713 ritu
1237 4662 1347 4714 Catonis
1364 4662 1483 4728 Lugduni.
1500 4658 1560 4712 nn.
1581 4655 1646 4710 idib
1663 4653 1729 4706 mihi
1744 4666 1792 4718 pe·

151 4776 209 4814 rure
226 4776 281 4812 non
298 4759 381 4825 potui.
416 4757 489 4818 Quae
507 4763 645 4822 praeterae
663 4757 696 4806 da
713 4756 844 4823 haesita,
862 4774 930 4826 quea
947 4775 1001 4812 non
1019 4769 1060 4812 est
1077 4763 1106 4813 in
1123 4763 1242 4816 editione
1260 4765 1389 4832 principe,
1407 4769 1469 4812 suut
1486 4759 1632 4826 disputate,
1648 4754 1676 4806 ir.
1694 4753 1711 4806 l.
1730 4751 1793 4800 licet

153 4861 367 4926 praetermittere.
385 4857 535 4922 -Regum
551 4857 582 4908 P.
599 4855 644 4908 It:
662 4857 747 4922 prims
763 4873 816 4908 rox
833 4860 908 4909 duest
926 4874 969 4926 ep.
987 4861 1121 4926 Pighium.
1139 4889 1173 4901 -
1193 4864 1225 4915 ln
1242 4871 1335 4930 quarto
1354 4872 1440 4914 sutem
1458 4867 1507 4911 ent
1523 4860 1550 4910 b.
1568 4857 1599 4910 P.
1618 4851 1748 4906 Vossisni
1765 4851 1793 4902 Δ

154 4967 181 5010 et
197 4957 239 5022 0.,
255 4959 280 5010 b.
297 4957 328 5012 P.
346 4963 396 5009 esi
411 4957 487 5024 prim.
506 4955 593 5007 Gueli.
615 4981 649 4993 -
670 4957 759 5022 Atque
776 4957 841 5008 irasc
858 4959 948 5010 omnia
964 4975 1020 5027 cap.
1040 4978 1060 5014 s.
1080 4963 1199 5016 dunois
1220 4963 1327 5014 inclusit
1347 4962 1502 5026 Heusinger.
1521 4987 1555 5000 -
1579 4955 1704 5022 Reliqua.
1729 4949 1789 5000 edd·

151 5073 233 5114 nonu.
250 5085 282 5096 -
301 5057 375 5120 Quae
390 5059 418 5110 in
430 5057 530 5122 Gellia,
540 5055 628 5107 mou.
646 5081 680 5093 -
696 5063 742 5106 eut
757 5055 912 5123 demutant,
930 5075 963 5111 ex
975 5061 1035 5114 cod.
1047 5061 1135 5116 Gueli.
1147 5065 1209 5117 edd.
1222 5063 1375 5130 Nipperdey
1393 5059 1506 5114 acRotb.
1525 5087 1559 5099 -
1575 5057 1651 5111 nulle
1661 5049 1790 5111 doctrine,

155 5159 282 5212 vnuimi
299 5159 334 5212 Δ.
353 5164 381 5208 et
397 5156 427 5210 0.
443 5158 519 5224 prob.
537 5156 698 5222 Nipperdey.
716 5181 749 5194 ·-
765 5157 807 5208 De
824 5159 1034 5224 interpunctione
1051 5179 1068 5216 a
1084 5179 1126 5216 me
1143 5171 1243 5218 mutsta
1260 5165 1292 5218 ci.
1309 5165 1379 5217 inire
1395 5163 1443 5228 111,
1461 5167 1485 5216 7.

1605 5242 1642 5305 4*
