4334 5976
383 847 567 928 respiciunt,
588 850 739 914 librorum
760 851 987 932 inscriptiones
1002 869 1103 934 saepe
1117 855 1249 918 addunt
1292 855 1403 934 ltaque
1425 855 1556 920 dublum
1569 869 1634 920 non
1649 859 1709 928 est,
1723 853 1799 932 qaia
1818 849 1892 916 hl.
1909 853 2072 916 Galim
2128 802 2140 950 l

384 966 488 1030 minus
511 973 660 1030 accurate
681 967 723 1032 de
744 968 1059 1048 carthaginiensibus
1082 973 1258 1050 scripserit,
1280 987 1377 1051 quam
1400 972 1508 1036 dicere
1530 971 1670 1035 debehat
1689 969 1731 1032 de
1751 969 1839 1032 hello
1862 969 2073 1048 cathagi-

384 1081 498 1146 aiensi.
542 1083 727 1164 subjeetum
749 1086 826 1164 quid
848 1093 948 1162 esset,
970 1089 1114 1166 ingentes
1135 1095 1222 1151 certe
1244 1089 1363 1154 docere
1383 1089 1493 1152 noluit

424 1197 473 1262 Ex
493 1198 574 1264 libro
596 1201 635 1264 V.
678 1221 701 1265 ι.
729 1201 769 1264 lt
786 1202 864 1266 cato
887 1204 918 1265 in
934 1199 1042 1288 (θήρ.
1057 1203 1077 1266 l
1095 1197 1133 1268 V.
1146 1201 1299 1286 scripsit:
1315 1201 1439 1268 Audito
1453 1203 1502 1282 ia)
1524 1205 1624 1266 multu
1638 1201 1846 1266 Macedoniae
1858 1201 2068 1275 Eundem,

384 1315 558 1392 Samnites,
584 1319 734 1382 Lucanos
763 1319 845 1382 inter
871 1300 915 1382 se¹
930 1321 1064 1383 nahnari
1093 1327 1189 1399 atque
1215 1323 1371 1384 laedones
1399 1337 1486 1386 esse.
1534 1321 1621 1386 lest
1648 1336 1679 1382 v.
1706 1319 1864 1382 Nednatio
1892 1335 1929 1396 p.
1961 1317 2064 1380 186.

384 1429 448 1506 (W.
470 1431 509 1508 V,
532 1431 581 1498 86.
604 1435 640 1498 Β.
662 1435 701 1509 V,
723 1432 787 1509 tlt.)
831 1436 919 1514 Quae
939 1437 1036 1500 nucis
1058 1437 1263 1513 inclusimus,
1285 1439 1528 1518 interpolatione
1550 1435 1675 1500 eddidit
1693 1437 1834 1498 liueller.
1878 1437 2064 1497 Attamen

384 1563 448 1610 non
469 1557 557 1612 recte
577 1551 622 1610 ita
642 1551 858 1628 interpolasse
878 1552 1005 1615 videtur
1024 1552 1074 1614 vir
1094 1553 1314 1618 doctissimus.
1358 1554 1419 1618 Ubi
1446 1569 1466 1616 a
1485 1555 1583 1617 Festo
1606 1553 1742 1616 citanmr
1761 1552 1904 1630 origines
1927 1553 2060 1614 semel

385 1683 416 1730 v.
440 1665 591 1730 Oratores
612 1683 645 1744 p.
670 1665 729 1732 187
752 1667 861 1730 addita
883 1675 934 1730 est
953 1670 1152 1748 praepositio
1174 1671 1215 1746 in,
1237 1671 1370 1734 verbum
1393 1670 1525 1750 scripsit
1544 1677 1600 1732 aut
1618 1669 1723 1732 simile
1744 1683 1928 1747 numquam.
1976 1667 2057 1732 last

384 1797 426 1846 ex
447 1783 589 1848 oratione
611 1783 723 1846 nescio
746 1800 820 1861 que,
843 1785 935 1864 cujus
957 1785 1164 1864 inscriptione
1186 1787 1294 1852 addita
1314 1789 1407 1850 laede
1428 1788 1576 1867 expletur
1595 1785 1696 1865 major
1715 1785 1797 1848 haee
1817 1787 1946 1848 lacuna.

423 1915 453 1961 s.
491 1899 568 1962 (lato
591 1901 709 1975 docuit,
733 1907 840 1964 orator
859 1901 945 1964 idem
967 1908 999 1964 et
1019 1903 1192 1982 imperator
1212 1921 1373 1968 summus:
1396 1949 1521 1967 ......
1544 1905 1668 1966 interea
1682 1915 1940 1982 unamquamque
1963 1905 2049 1962 tar·-

385 2030 478 2088 mam,
502 2015 708 2092 manipulum,
732 2016 897 2082 cohortem
919 2023 1122 2098 temptabam,
1146 2021 1222 2099 quid
1244 2022 1350 2084 iacere
1365 2026 1518 2100 possent;
1541 2020 1672 2097 proeliis
1687 2019 1811 2082 levibus
1826 2017 2049 2096 spectabam,

386 2131 479 2208 cujus
502 2133 589 2194 modi
612 2132 750 2210 quisque
772 2141 881 2215 esset;
903 2137 1026 2214 siquis
1049 2144 1177 2200 shenue
1191 2139 1319 2210 iecerat,
1338 2137 1495 2200 donabam
1511 2135 1659 2211 honeste,
1681 2140 1716 2197 ut
1736 2135 1789 2198 alii
1809 2135 1894 2198 idem
1908 2135 2049 2195 vellent
2151 2191 2152 2208 ,

384 2247 490 2310 iacere
521 2254 618 2328 atque
645 2251 676 2312 in
704 2253 855 2314 sanione
882 2253 990 2316 verbis
1019 2254 1126 2316 multis
1153 2254 1334 2318 laudabam.
1376 2255 1502 2316 interim
1534 2253 1656 2331 aliquot
1685 2269 1791 2331 pauca
1819 2257 1930 2313 castra
1956 2251 2042 2312 leci.

384 2364 450 2428 Sed
471 2366 526 2428 ubi
547 2368 620 2428 anni
642 2373 770 2446 tempus
792 2370 889 2444 veuit,
912 2375 1018 2431 castra
1038 2367 1172 2432 hiberna
1191 2415 1286 2434 .....
1329 2372 1447 2434 Fronto
1470 2370 1512 2432 ad
1533 2371 1651 2432 Verum
1672 2385 1705 2446 p.
1729 2367 1789 2432 184
1808 2369 1898 2431 Rom.
1923 2365 1973 2443 (le
1993 2368 2042 2440 V,
2150 2353 2153 2484 l

383 2481 449 2558 97.)
491 2483 596 2546 Prima
609 2485 779 2547 Frontonis
794 2489 896 2550 uerba
917 2487 1044 2561 docent,
1067 2503 1131 2549 aon
1147 2487 1276 2550 Catonis
1298 2487 1453 2560 historici,
1474 2486 1536 2548 sed
1557 2486 1692 2548 oratoris
1713 2484 1797 2547 haec
1820 2499 1907 2547 esse.
1951 2483 2040 2546 bsrhi

385 2599 513 2676 quidem
535 2615 576 2662 ex
599 2601 740 2663 oratione
762 2602 804 2664 ad
825 2605 979 2680 populum
1001 2604 1042 2664 de
1064 2601 1223 2680 triumpho
1246 2619 1323 2666 esse
1344 2605 1500 2666 videntur.
1531 2602 1696 2680 (Priscian.
1719 2603 1768 2676 lll,
1794 2601 1822 2675 i,
1843 2619 1875 2680 p.
1899 2598 1966 2676 87.)

423 2715 472 2778 Ex
493 2716 574 2780 libro
597 2719 661 2780 Vll.
703 2717 733 2779 i.
766 2717 896 2780 Utrinde
920 2718 997 2780 cato
1019 2735 1078 2796 pro
1100 2719 1252 2796 Hispanis
1275 2717 1362 2796 (cod.
1381 2717 1648 2796 Babbusitanis)
1672 2719 1713 2782 de
1734 2717 1900 2791 immentn,
1919 2717 2035 2780 amabi

383 2833 479 2907 bona,
501 2835 607 2896 utrubi
628 2835 713 2895 mala
735 2833 834 2912 gratia
857 2833 1009 2910 capiatau,
1030 2835 1156 2897 utrinde
1176 2837 1264 2911 iram,
1291 2835 1417 2898 utrinde
1438 2837 1593 2898 laedones
1615 2836 1672 2898 tibi
1692 2850 1801 2912 pares.
1843 2833 1968 2897 Charis.
1987 2835 2027 2906 ll,

382 2966 414 3027 p.
429 2949 500 3012 224.
525 2949 616 3026 (Lien
630 2967 662 3028 p.
677 2949 741 3026 29).
785 2951 866 3014 Sunt
885 2950 967 3014 haec
991 2953 1092 3016 verba
1114 2967 1155 3014 ex
1169 2953 1312 3016 oratione
1327 2953 1358 3014 in
1372 2953 1407 3016 P.
1423 2953 1550 3016 Furium
1564 2950 1698 3014 Philum.
1721 2949 1774 3026 (ci.
1790 2951 1900 3029 Meyer
1912 2967 1945 3028 p.
1962 2947 2033 3024 ab.)

383 3066 449 3128 Sed
470 3083 531 3128 nec
552 3066 636 3129 hano
660 3069 834 3130 orationem
856 3084 916 3131 nec
940 3084 1020 3141 eam,
1043 3085 1139 3144 quam
1160 3067 1271 3131 hahuit
1293 3069 1370 3132 cato
1392 3070 1434 3130 ad
1457 3067 1571 3130 milites
1595 3073 1706 3130 contra
1728 3067 1871 3142 Galbam,
1889 3069 1923 3128 ut
1942 3079 2036 3126 cen-

383 3189 435 3244 set
455 3184 538 3246 idem
559 3183 640 3246 Lion
661 3186 680 3246 l.
703 3185 735 3258 l.,
758 3185 939 3262 Originibus
962 3185 1095 3246 inseruit
1116 3185 1204 3246 Cata.

422 3319 455 3381 μ.
484 3291 543 3373 Ὡς
560 3293 697 3380 χαλεπόν
717 3293 802 3360 ἐστιν
822 3293 857 3361 ἐν
878 3293 985 3370 ἄλλοις
998 3291 1171 3380 βεβιωκότα
1185 3291 1380 3381 ἀνθρώποις,
1402 3291 1437 3360 ἐν
1451 3293 1559 3374 ἄλλοις
1573 3293 1809 3382 homimem.
1850 3299 1930 3360 Plut
1946 3297 2034 3359 Cato

384 3420 432 3490 15,
454 3417 483 3477 4.
512 3415 649 3491 (Krause
678 3434 708 3493 p.
733 3414 817 3492 118.)
865 3417 1056 3477 Accurahus
1085 3417 1158 3477 loco
1189 3415 1350 3477 Plutarchi
1383 3418 1530 3494 inspecto
1563 3419 1656 3480 iacile
1682 3415 1858 3494 intelligere
1886 3415 2036 3476 debebat

381 3535 517 3604 llraase,
540 3547 603 3594 non
627 3550 667 3594 ex
689 3533 831 3595 oratione
851 3531 883 3593 in
906 3533 1038 3594 Galbam
1059 3531 1143 3593 hane
1166 3547 1243 3593 esse
1271 3533 1477 3607 sententiam,
1507 3534 1568 3596 sed
1596 3535 1697 3597 luisse
1726 3527 1761 3594 ἐν
1786 3531 1826 3613 τῇ
1852 3526 2033 3614 τελευταίᾳ,

380 3641 422 3728 ἢν
440 3637 572 3728 imarys,
594 3643 677 3728 δίκῃ.

1154 3797 1253 3900 ΙΠ.

425 4001 452 4060 l.
485 3999 667 4060 Proximum
689 4003 755 4069 est,
782 4004 818 4058 ut
838 3999 990 4060 radonem
1012 3999 1145 4058 reddam
1167 4003 1263 4074 atque
1285 3998 1460 4073 explicem,
1485 4000 1572 4075 quod
1595 3999 1762 4062 eonsilium
1783 3997 1815 4058 in
1836 3995 1928 4058 hisce
1948 3995 2025 4054 reli·

384 4117 466 4195 quiis
490 4115 673 4208 digerendis
697 4119 830 4176 secutus
852 4115 922 4176 sim.
967 4116 1036 4191 Qua
1056 4114 1087 4176 in
1108 4131 1143 4175 re
1165 4115 1339 4176 notandum
1362 4120 1412 4176 est
1433 4116 1615 4177 testimonla
1644 4120 1784 4176 veterum
1808 4113 1849 4174 de
1870 4113 1968 4174 rebus
1990 4111 2023 4171 in
2150 4127 2151 4132 ¹

383 4234 563 4312 Originibus
586 4231 774 4309 perscriptis
800 4261 844 4272 -
870 4247 943 4292 nam
966 4231 1006 4292 de
1029 4231 1156 4292 dicendi
1180 4245 1296 4308 genere
1319 4231 1483 4308 disputare
1505 4233 1536 4292 in
1559 4233 1663 4293 animo
1687 4247 1749 4292 non
1773 4237 1824 4292 est
1844 4261 1889 4310 -7
1909 4229 2021 4290 admo-

382 4352 457 4412 dum
479 4365 556 4412 esse
578 4365 682 4426 pauca
711 4363 813 4425 eaque
843 4350 884 4410 ad
907 4364 963 4409 eas
987 4347 1204 4410 tantummodo
1227 4364 1281 4410 res
1303 4354 1465 4425 spectare,
1490 4365 1570 4426 quus
1601 4350 1642 4410 de
1662 4349 1750 4409 ltalia
1773 4347 1849 4411 Cato
1871 4359 2029 4407 narrasse

381 4468 515 4528 videtur.
559 4467 641 4528 Dicit
669 4466 751 4526 enim
778 4467 925 4527 Fronto
949 4463 1081 4542 princip.
1104 4463 1179 4526 hist.
1201 4463 1231 4538 9,
1254 4481 1285 4542 p.
1308 4464 1383 4526 252:
1421 4461 1575 4528 Catonem
1602 4461 1787 4546 oppidatim
1812 4461 1932 4526 statuit
1953 4477 2021 4524 csse

380 4581 584 4660 monadum,
620 4578 679 4660 qui
703 4585 847 4662 primam
880 4576 995 4644 Latina
1029 4577 1168 4643 nominis
1204 4577 1349 4642 sahulem
1377 4585 1409 4644 ai
1444 4577 1635 4646 italicarum
1666 4579 1829 4666 originum
1855 4575 2022 4662 puerilius

380 4696 579 4762 illustrasset
602 4699 802 4775 eundemque
825 4699 856 4758 in
878 4698 1059 4775 Originibus
1081 4699 1176 4758 tradit
1197 4698 1362 4760 Servius
1384 4700 1464 4761 Aen.
1487 4701 1553 4774 Vll,
1575 4699 1636 4764 678
1662 4695 1704 4761 de
1729 4693 1858 4762 Italicis
1883 4691 2020 4758 urbibus

377 4813 567 4897 plenissime
586 4811 760 4896 scripsisse
782 4821 814 4878 et
833 4815 884 4888 lX,
908 4813 969 4876 603
998 4809 1120 4876 ltaliae
1146 4811 1247 4877 citam
1269 4819 1301 4876 el
1331 4811 1539 4896 disciplinam
1566 4831 1848 4887 commemorasset
1881 4814 2020 4890 queritur

383 4933 521 5010 denique
544 4933 706 4996 Solinus
729 4933 759 5006 2,
777 4933 797 4995 2
819 4947 882 5010 quo
905 4933 979 4994 loco
1004 4931 1044 4991 de
1064 4931 1154 4992 ltalia
1176 4931 1315 5008 scripsit,
1338 4935 1434 4994 tanta
1453 4947 1537 4996 eura
1558 4929 1704 4996 omnihus
1725 4949 1795 4994 earn
1817 4945 1886 4992 esse
1899 4927 2018 4994 dictam

379 5047 563 5132 praecipue
584 5045 632 5110 Μ.
656 5045 792 5126 Cotum,
818 5053 855 5110 at
873 5041 1105 5127 iamtnomirt
1123 5063 1189 5110 non
1210 5053 1342 5128 posset,
1367 5045 1457 5126 qaod
1476 5063 1542 5112 non
1561 5053 1706 5112 ocimum
1726 5051 1897 5112 auctorum
1913 5061 2015 5128 prae·

380 5165 544 5232 sumsisset
564 5160 746 5247 diligentia.
789 5166 842 5227 Ad
862 5163 944 5226 hacc
967 5165 1093 5228 accedit
1120 5166 1324 5230 summarium
1345 5165 1434 5238 illud,
1458 5165 1550 5244 caque
1578 5165 1709 5242 saepius
1731 5165 1798 5246 jam
1824 5165 2013 5230 mendenen
