4342 5970
1201 615 1247 680 28

1118 695 1329 710 vm

409 827 506 890 quarn
529 818 674 890 quartum
696 804 728 876 et
748 814 979 892 octogesimum
994 825 1110 878 annum
1126 822 1237 894 ageret
1250 816 1328 880 0010
1344 813 1400 891 (10.
1417 815 1465 892 10,
1480 813 1534 893 02)
1549 847 1592 862 ·-
1613 831 1685 878 nam
1708 813 1762 894 001
1784 815 1826 878 00
1845 829 1933 886 Ι0000
1957 814 2055 876 natali

410 929 501 992 aliter
526 929 737 1004 tradiderunt,
762 931 830 993 110.
850 931 986 1002 XXXIX,
1014 933 1067 1007 40,
1086 933 1167 994 Plut
1192 933 1225 996 0.
1258 934 1311 1008 15,
1334 933 1497 1007 tolluntur,
1526 934 1565 995 cl.
1587 935 1746 996 Drumann
1768 934 1807 1007 V,
1829 948 1861 1010 p.
1882 931 1924 996 08
1946 963 1994 974 -
2016 930 2056 992 00

410 1045 520 1107 ultimo
549 1045 630 1110 libro
656 1052 743 1108 recte
771 1063 809 1108 se
830 1047 929 1112 habet
948 1049 998 1124 10,
1028 1050 1116 1126 0000
1145 1049 1240 1112 tradit
1259 1051 1380 1128 Nepos.
1431 1050 1496 1113 Scd
1525 1051 1708 1114 instituendi
1735 1052 1835 1112 verbo
1867 1063 1908 1112 00
1939 1048 2055 1124 Nepos

411 1160 540 1238 quiden
561 1177 641 1226 usus
678 1170 784 1239 esset,
812 1165 874 1227 0101
901 1165 1028 1228 omnino
1063 1181 1165 1228 senex
1199 1167 1240 1228 ad
1274 1167 1421 1243 Origines
1456 1165 1646 1228 scribendas
1676 1183 1714 1229 sc
1743 1167 1938 1230 contulisset
1964 1163 2054 1226 Cato.
2130 1247 2131 1250 Ἴ

408 1279 461 1340 Ad
484 1292 585 1354 quam,
598 1295 667 1342 ram
690 1281 960 1358 comprobandam
982 1299 1047 1344 non
1069 1283 1199 1344 multum
1220 1281 1385 1358 proficitur
1404 1283 1461 1360 lrg.
1482 1283 1533 1357 55,
1555 1299 1596 1344 ex
1618 1299 1682 1360 quo
1705 1288 1847 1360 apparat
1870 1280 2055 1342 secundum
2130 1311 2131 1322 2

409 1394 521 1460 librum
543 1404 621 1474 post
640 1398 759 1460 bellum
775 1399 894 1460 Persae
917 1414 993 1462 0000
1013 1399 1177 1475 scriptum.
1220 1399 1285 1462 Sed
1301 1399 1368 1476 iarn
1389 1397 1453 1462 hoc
1475 1399 1660 1462 testimonio
1681 1400 1823 1472 allicitur,
1842 1403 1878 1458 ut
1898 1396 1968 1458 duo
1991 1395 2055 1456 loci
2130 1367 2131 1396 ³

409 1512 600 1585 refellantur,
623 1528 707 1590 quos
730 1513 772 1576 ad
792 1514 1022 1592 infringendam
1043 1515 1176 1592 Nepotis
1199 1513 1295 1576 fidem
1317 1515 1391 1576 olim
1414 1515 1598 1578 afferebant
1641 1517 1781 1593 Quorum
1801 1516 1951 1578 locorum
1973 1513 2056 1574 alter

409 1633 461 1690 est
479 1628 558 1692 Livii
578 1629 716 1703 XXXIV,
737 1630 768 1704 5,
791 1631 1083 1708 0010001001οω
1105 1633 1263 1694 adversus
1277 1631 1430 1694 Catonem
1453 1631 1618 1694 00000100
1640 1613 1716 1694 lucit
1735 1632 1956 1694 revolventem
1982 1627 2051 1691 On'·

410 1745 512 1822 01000,
534 1744 605 1824 (lag.
626 1745 691 1822 31),
713 1747 797 1810 01100,
811 1746 971 1810 Plutarchi
988 1746 1053 1810 Cat
1068 1747 1119 1822 20,
1135 1749 1154 1810 5
1176 1741 1229 1810 κα)
1249 1739 1306 1818 τὰς
1326 1743 1467 1828 ἱστορίας
1486 1740 1521 1810 δὲ
1541 1743 1733 1830 0000001000
1746 1740 1844 1827 φησὶν
1861 1737 1967 1817 αὐτὸς
1988 1739 2054 1826 itta

399 1855 487 1951 ι00001
505 1855 719 1942 001000010ιο
730 1855 924 1942 0001000000,
945 1855 1032 1934 ὅπως
1051 1859 1183 1926 cicadae
1201 1855 1349 1945 bndpqot,
1369 1858 1523 1948 00100001
1542 1856 1624 1947 πρὸς
1645 1858 1808 1946 ἐμπειρίαν
1827 1861 1892 1924 τῶν
1904 1855 2053 1924 παλαιῶν

400 1971 462 2038 aut
486 1975 631 2058 0000100
655 1971 858 2058 dedeceant.
906 1982 1088 2044 Notandum
1115 1981 1197 2042 enim
1230 1986 1297 2054 est,
1323 1980 1536 2043 0101000000ι
1553 1982 1699 2059 00101000
1727 1981 1890 2058 appellare
1910 1970 2053 2054 10000100

409 2091 464 2167 (10.
493 2093 544 2168 25,
576 2093 617 2170 1.)
664 2097 825 2160 Describit
851 2097 1040 2160 Plutarchus
1070 2113 1193 2170 curam,
1221 2113 1316 2174 quam
1344 2097 1454 2174 posuit
1480 2098 1557 2160 Cato
1586 2099 1618 2160 in
1651 2098 1819 2159 educando
1845 2096 1955 2156 llarco
1986 2091 2051 2152 lilio

408 2210 545 2287 majore,
579 2227 674 2288 quem
705 2217 880 2278 sustulerat
915 2229 955 2276 ex
988 2213 1111 2276 Licinia
1142 2219 1258 2274 natum.
1298 2215 1332 2276 is
1365 2215 1466 2290 prima
1500 2215 1661 2290 stipendia
1684 2214 1805 2276 *meruit
1837 2211 1870 2273 in
1907 2208 2052 2272 exercitu

407 2327 447 2388 01.
468 2327 583 2404 Popilii
609 2329 757 2396 Laenatis
786 2349 855 2394 cos.
879 2347 962 2394 anno
991 2330 1237 2407 quingentisimo
1261 2331 1460 2408 octogesimo
1483 2331 1601 2406 primo,
1628 2337 1665 2391 ut
1685 2335 1820 2393 testatur
1841 2328 1955 2390 010000
1978 2324 2049 2386 sive

407 2450 500 2508 vatus
531 2446 660 2523 quidam
685 2449 843 2525 interpres
871 2449 913 2510 00
936 2445 988 2508 011.
1013 2447 1035 2520 1,
1059 2447 1108 2520 11,
1130 2446 1190 2524 3ος
1217 2453 1362 2509 mortuus
1391 2453 1546 2510 0010000
1575 2447 1811 2509 sexcentesimo
1842 2443 1990 2506 secundo
2018 2439 2049 2500 in

404 2567 554 2638 praeana
575 2562 718 2640 (110ορ.
734 2563 869 2639 XLVlll)
892 2565 962 2626 slve
977 2569 1106 2640 praetor
1119 2564 1317 2640 designatus.
1342 2563 1420 2639 (Cic.
1438 2564 1534 2624 Tusc.
1550 2565 1599 2638 lll,
1615 2562 1666 2637 28,
1685 2563 1735 2636 70,
1752 2564 1830 2624 Gell.
1845 2561 1925 2634 Xlll,
1938 2558 1990 2631 20,
2004 2553 2046 2628 9.)

408 2655 531 2754 Quodsi
553 2695 613 2740 suo
636 2695 719 2740 anno
742 2684 869 2756 praetor
890 2681 993 2740 iactus
1016 2685 1127 2739 estex
1147 2680 1220 2756 lege
1242 2681 1337 2742 Villia
1351 2680 1455 2741 annali
1470 2696 1552 2742 anno
1570 2680 1825 2757 quingentesimo
1841 2675 2048 2754 sexagesimo

406 2796 554 2856 secundo
576 2800 669 2856 00100
693 2799 759 2868 001,
790 2795 844 2871 001
866 2810 967 2858 00000
991 2793 1085 2856 etiam
1108 2796 1334 2872 comprobatur
1353 2795 1469 2872 primo,
1490 2797 1578 2872 quod
1601 2793 1723 2870 meruit,
1746 2795 1915 2872 stipendio.
1958 2791 1993 2852 Si
2016 2788 2048 2847 in

405 2910 502 2988 hujus
524 2911 579 2974 lilii
595 2927 689 2972 usum
705 2910 957 2988 conscripsisset
976 2910 1113 2986 primum
1128 2910 1287 2988 Originum
1309 2913 1433 2986 librum,
1455 2929 1527 2974 nam
1550 2911 1725 2986 secundus,
1745 2919 1781 2973 01
1801 2927 1900 2989 supra
1913 2909 2047 2970 demon·

339 3083 346 3098 ,
406 3029 593 3100 0100010000,
621 3029 719 3090 multo
746 3031 823 3104 post
844 3027 984 3103 scriptus
1007 3031 1071 3099 est,
1101 3032 1187 3088 certe
1207 3028 1355 3090 Valerius
1374 3027 1519 3090 tribunus
1542 3045 1582 3089 ne
1603 3029 1688 3091 hunc
1711 3029 1839 3106 quidem
1860 3028 2049 3088 110000000-

404 3143 538 3205 volvere
558 3149 692 3218 poterat
736 3143 802 3206 Sed
823 3143 887 3204 talli
913 3142 1076 3216 videntur,
1106 3143 1160 3218 qui
1181 3141 1332 3205 historias
1360 3142 1390 3202 in
1413 3143 1467 3204 lilii
1489 3159 1583 3205 usum
1611 3148 1748 3223 scriptas
1776 3149 1887 3223 putant
1913 3143 2048 3218 primum

405 3259 568 3336 Originum
583 3258 685 3322 tuisse
698 3260 822 3334 librum,
844 3264 880 3320 ut
890 3257 1026 3322 Bolhuis
1044 3263 1076 3319 et
1088 3259 1202 3322 Wilms
1226 3259 1369 3336 (0010010
1384 3261 1449 3321 0110
1463 3267 1496 3322 01
1509 3261 1588 3338 lrgg.
1601 3261 1712 3338 Progr.
1728 3263 1874 3322 Tremon.
1890 3262 1916 3320 ll
1934 3253 2044 3336 (1840)

406 3393 438 3454 p.
461 3375 481 3438 9
503 3373 567 3452 sq.)
598 3377 686 3452 quod
708 3389 768 3436 nec
792 3381 861 3436 erat
882 3381 975 3451 aptus
998 3375 1080 3436 liber
1100 3375 1142 3436 ad
1165 3382 1291 3451 captum
1314 3379 1467 3453 puerilem
1489 3383 1522 3437 et
1541 3377 1596 3438 vix
1617 3379 1704 3439 credi
1725 3385 1835 3455 potest
1853 3381 2047 3438 retractasse

409 3493 559 3554 (tatonem
584 3507 667 3568 opus
689 3506 747 3566 per
766 3495 816 3552 tot
835 3507 937 3554 annos
959 3490 1185 3578 intendissem.
1227 3491 1450 3554 Praescribens
1468 3491 1597 3556 solebat
1615 3494 1680 3554 illio
1703 3509 1766 3556 non
1788 3494 1914 3554 inutiles
1938 3487 2044 3568 pueris

408 3607 595 3680 sententias,
618 3607 706 3684 quod
727 3623 812 3670 0000
834 3621 1067 3684 saepenumero
1089 3608 1133 3682 lit,
1156 3609 1217 3670 sed
1238 3623 1291 3670 res
1321 3613 1429 3684 gestas
1452 3611 1563 3686 populi
1583 3609 1726 3672 Romani.
1769 3609 1833 3673 Sed
1862 3608 1950 3670 haud
1978 3603 2044 3668 0010

408 3741 448 3786 00
469 3729 608 3800 tempus,
631 3723 857 3800 000001010οε
879 3723 1055 3786 inchoasse
1069 3725 1224 3799 videatur,
1246 3725 1426 3786 accuratius
1447 3727 1555 3802 possit
1577 3726 1707 3788 deliniri.
1752 3727 1911 3802 Originum
1926 3740 1970 3786 ne
1984 3721 2044 3801 pri·

407 3857 478 3904 mus
503 3840 633 3917 quidem
654 3839 750 3913 liber,
779 3842 897 3905 nedum
925 3840 1039 3917 reliqui
1061 3843 1159 3903 scribi
1183 3846 1342 3918 poterant,
1372 3842 1435 3903 nisi
1461 3843 1501 3902 ab
1533 3841 1662 3904 homine
1684 3846 1833 3904 accurata
1855 3842 2043 3902 Graecarum

405 3958 564 4020 literarum
592 3957 775 4033 cognitione
801 3957 966 4020 instructo.
1012 3958 1225 4020 concedimus
1248 3957 1376 4033 quidem
1393 3958 1485 4020 facile
1507 3958 1557 4032 110,
1581 3959 1634 4036 001
1656 3959 1743 4020 multi
1765 3963 1853 4019 erant
1866 3957 1897 4018 in
1912 3957 2042 4018 damon·

407 4075 555 4146 0100000,
579 4075 720 4136 Graecae
742 4073 869 4150 baguae
885 4073 953 4150 jain
976 4075 1216 4136 adolescentem
1239 4073 1771 4150 001000000001000001001100,
1801 4075 1861 4136 sed
1888 4074 1976 4135 01100
1998 4077 2044 4132 est
2130 4087 2131 4118 l

406 4191 573 4256 scientiam
603 4187 723 4250 habere
752 4189 879 4265 linguae
903 4191 1060 4264 Graecae,
1084 4190 1169 4250 aliud
1191 4189 1374 4252 studiosum
1402 4205 1479 4252 0000
1501 4191 1691 4252 Graecarum
1717 4193 1886 4253 literarum.
1928 4191 2044 4251 Harum
2130 4267 2131 4298 1

406 4315 513 4369 autem
534 4309 645 4369 001010
671 4303 795 4368 demum
826 4301 994 4368 declinata
1023 4304 1216 4384 (Quintilian.
1245 4306 1309 4378 Xll,
1331 4307 1368 4380 11,
1390 4305 1443 4381 23)
1466 4308 1634 4370 010010000
1656 4308 1838 4382 00010010,
1867 4305 1921 4384 001
1948 4319 2042 4382 quum
2130 4339 2131 4346 1

408 4437 490 4486 anno
514 4422 769 4501 quingentesimo
792 4420 1002 4498 nonagesimo
1024 4438 1109 4484 nono
1134 4423 1277 4484 Graecos
1305 4423 1378 4483 illos
1408 4421 1624 4500 philosophos
1654 4425 1864 4502 expellendos
1887 4425 2041 4490 censeret,

405 4555 469 4601 non
493 4538 665 4601 Carneadis
687 4537 843 4615 flagrabat
864 4543 918 4599 aut
931 4535 1157 4614 philosophiae
1172 4539 1257 4611 odio,
1281 4540 1342 4600 sed
1362 4535 1469 4599 πᾶσαν
1484 4529 1671 4620 Ἑλληνικὴν
1681 4539 1806 4618 μοῦσαν
1825 4533 1880 4600 acl
1899 4534 2043 4600 00010100

403 4655 578 4731 respuebat
599 4655 693 4731 (Plut.
724 4655 744 4715 l.
767 4655 786 4714 l.
814 4653 921 4729 23,1)
950 4661 982 4715 01
1006 4648 1117 4734 πόρρω
1148 4645 1351 4715 παντάπασιν
1382 4644 1507 4734 ἡλικίας
1535 4645 1702 4736 ‘alapae
1729 4652 1838 4736 βιβλία
1862 4647 1975 4734 ἔλαβεν
2001 4647 2041 4722 εἰς

403 4771 511 4852 χεῖρας
531 4769 586 4845 (ib.
608 4771 638 4846 2,
660 4771 704 4846 4).
750 4770 870 4847 Quodsi
894 4773 1091 4848 quaerimus,
1123 4773 1239 4850 quibus
1260 4773 1357 4832 rebus
1380 4771 1497 4832 lactum
1519 4773 1575 4846 sit,
1603 4780 1638 4835 ut
1663 4773 1711 4835 vir
1736 4771 1877 4851 alloquin
1906 4771 2040 4832 omnium

405 4890 685 4952 constantissimus
697 4889 729 4948 in
740 4887 813 4964 ipsa
824 4894 1000 4962 senectute,
1012 4903 1095 4965 quae
1108 4895 1197 4950 00100
1211 4904 1286 4950 esse
1298 4889 1382 4950 solet
1396 4889 1598 4966 rigidissima,
1609 4891 1790 4967 opinionem
1801 4904 1859 4966 per
1870 4872 1966 4952 totam
1979 4889 2040 4948 lere

402 5006 498 5066 vitam
512 5005 627 5067 acriter
641 5006 806 5066 defensam
819 5006 971 5082 abjiceret
984 5005 1188 5082 studiumque
1201 5011 1297 5084 atque
1309 5007 1502 5070 voluntatem
1517 5011 1660 5080 mutaret,
1671 5006 1798 5068 difficile
1811 5004 1937 5067 videtur
1946 5005 2039 5096 dictu,

402 5129 504 5184 utrum
519 5123 654 5186 consilio
673 5121 834 5200 Originum
846 5124 1086 5188 scribendarum
1100 5129 1194 5201 capto
1210 5124 1251 5186 ad
1266 5123 1406 5188 studium
1420 5125 1577 5186 literarum
1590 5125 1781 5186 Graecarum
1794 5140 1833 5184 nn
1851 5121 1956 5185 studio
1971 5123 2037 5182 lite·
