4334 5976
1207 627 1248 690 38

409 830 470 892 sed
492 843 575 905 quae
598 827 640 886 sit
662 841 777 898 causa,
807 843 863 888 cur
883 827 967 888 hano
991 828 1180 890 sententiam
1208 833 1319 904 quarm
1348 829 1550 904 potissimum
1581 827 1660 890 libro
1687 824 1856 888 inseruerit
1882 825 1975 896 (lato,
2007 841 2049 884 ne

408 945 502 1010 Blum
531 942 660 1020 quidem
688 943 869 1020 explicavit
912 943 988 1006 Mihi
1010 944 1140 1020 quidem
1162 945 1209 1006 sic
1232 959 1285 1005 res
1302 959 1339 1004 se
1352 941 1474 1006 habere
1495 945 1628 1006 videtur.
1670 941 1823 1004 Memoria
1842 942 1918 1003 belli
1938 941 2051 1002 Punici

405 1061 499 1142 primi
520 1061 550 1120 in
572 1059 652 1121 libro
675 1064 787 1136 quarto
810 1059 920 1122 inesse
942 1075 1005 1122 non
1028 1065 1163 1136 poterut,
1186 1059 1274 1137 quod
1295 1061 1415 1122 bellum
1436 1061 1514 1122 illud
1536 1059 1687 1124 1111111111
1701 1059 1926 1135 imperatorum
1947 1057 2052 1119 nomi-

407 1178 503 1241 nibus
530 1175 627 1240 scribi
657 1175 783 1236 omnino
813 1193 877 1238 non
898 1180 1032 1252 poterat.
1075 1177 1203 1252 inspice
1222 1177 1388 1238 Flororunr
1414 1176 1702 1254 Eutropiorumque
1728 1174 1902 1247 breviaria,
1931 1173 2052 1251 quibus

407 1293 556 1358 breviora
568 1291 725 1354 breviaria
740 1292 872 1368 cogitari
886 1307 950 1352 non
966 1297 1115 1368 possunt,
1130 1292 1355 1369 imperatorum
1370 1293 1498 1356 nomina
1512 1310 1577 1356 non
1593 1291 1804 1356 desiderabis.
1845 1293 1897 1352 An
1918 1287 2052 1352 brevius

408 1410 562 1474 Gelonem
589 1409 630 1469 de
656 1408 696 1470 iis
719 1407 816 1470 rebus
840 1407 1016 1484 scripsisse
1038 1407 1237 1485 putabimtm,
1269 1425 1365 1488 quum
1386 1410 1481 1472 unius
1505 1409 1646 1472 Caedicii
1665 1408 1813 1470 virtutem
1833 1413 1881 1470 tot
1900 1407 2052 1469 laudibus

408 1527 561 1594 extollere
604 1524 779 1599 Quaeritur,
802 1523 905 1602 qualis
928 1523 1032 1584 luisse
1051 1525 1213 1600 putandus
1235 1525 1279 1588 sit
1298 1526 1393 1601 liber,
1414 1527 1446 1588 in
1469 1543 1533 1603 quo
1556 1521 1718 1588 1111111151
1737 1520 1974 1604 impactorum
1992 1537 2052 1586 no-

406 1640 545 1708 minibus
577 1640 772 1716 capitulatim
808 1639 925 1700 dicenti
957 1639 1065 1700 dicere
1098 1640 1194 1702 liceat
1227 1643 1440 1720 perscriptum
1469 1659 1546 1706 esse
1574 1643 1692 1706 bellum
1721 1641 1876 1703 Punicum
1904 1639 2052 1717 primurn.

406 1758 586 1835 Descriptis
610 1755 786 1818 ltohcarurn
809 1755 970 1824 civitatum
992 1755 1167 1832 originibus
1190 1764 1243 1818 aut
1262 1758 1335 1822 linis
1358 1765 1426 1822 erat
1453 1760 1665 1836 imponendus
1690 1743 1780 1835 operi
1802 1761 1857 1818 aut
1878 1761 2049 1818 111111111-

411 1879 486 1944 dum
509 1875 552 1938 ad
573 1887 613 1935 ea
634 1871 718 1945 loca,
740 1887 823 1948 quae
844 1871 952 1933 ltaliae
974 1871 1120 1948 proxime
1140 1873 1292 1951 adjuncta
1313 1881 1396 1938 sunt
1440 1874 1580 1938 Transiit
1593 1875 1670 1938 Cato
1694 1874 1733 1938 ab
1755 1889 1832 1950 agro
1848 1871 1994 1950 Rhegino
2011 1875 2052 1932 ad

409 1993 559 2060 Siciliam.
601 1989 691 2048 Hanc
712 1988 849 2052 insulam
871 1987 989 2050 bellurn
1004 1988 1157 2052 Punicum
1171 1992 1305 2067 primurn
1318 1991 1470 2054 Romanis
1493 1991 1625 2068 aperuit
1668 1989 1742 2052 Erat
1762 1995 1829 2052 turn
1849 1989 1956 2052 insula
1975 1995 2053 2065 post

407 2107 522 2188 Pyrrhi
551 2106 735 2168 discessum
762 2103 794 2165 in
815 2103 935 2166 ditione
958 2103 1265 2182 Carthaginiensium
1299 2113 1436 2187 excepto
1462 2107 1589 2170 civitate
1616 2107 1801 2169 Mamertina
1821 2105 2000 2182 paucisque
2020 2106 2052 2166 in

410 2241 468 2289 ora
495 2239 559 2301 qua
585 2219 628 2284 ad
658 2219 811 2282 orientem
837 2221 942 2283 solem
969 2221 1073 2297 vergit
1100 2223 1245 2300 oppidis,
1279 2239 1363 2301 quae
1391 2224 1606 2302 Syracusanis
1634 2224 1797 2300 parebant.
1841 2222 2051 2286 scribendum

408 2343 503 2420 igitur
523 2345 594 2401 erat
613 2339 654 2402 de
676 2337 811 2408 Poenis,
840 2353 904 2413 qua
932 2337 964 2399 in
985 2353 1021 2398 re
1048 2339 1146 2400 multo
1174 2339 1347 2416 maioribus
1375 2341 1611 2404 difficultatibus
1634 2339 1942 2402 circumveniebatur
1963 2337 2050 2410 Cato,

410 2475 506 2538 quam
531 2458 563 2520 in
583 2454 702 2518 italicis
729 2453 921 2514 civitatibus.
965 2455 1061 2531 ipsos
1090 2455 1270 2518 Poenorum
1290 2457 1408 2533 libros,
1438 2459 1562 2522 etiarnsi
1591 2456 1763 2532 cupiisset,
1792 2455 1962 2518 consulere
1986 2469 2052 2516 non

408 2579 543 2654 poteret,
565 2587 639 2634 nam
652 2569 793 2630 Punicae
815 2569 942 2646 linguae
962 2571 1098 2647 perituro
1118 2588 1192 2632 eum
1213 2573 1315 2638 luisse
1336 2591 1429 2636 nemo
1451 2589 1592 2651 unquam
1607 2574 1793 2650 suspicatus
1816 2577 1877 2634 est.
1921 2571 1988 2634 Nec
2011 2583 2051 2630 ea

409 2690 559 2756 sulficere
580 2690 737 2764 poterant,
760 2699 844 2761 quoe
864 2686 990 2762 legatus
1013 2685 1193 2764 carthagini
1215 2695 1270 2750 eut
1291 2691 1404 2752 consul
1425 2691 1458 2751 in
1478 2691 1634 2766 Hispania
1654 2689 1827 2750 audiverat.
1870 2689 1979 2764 ltaque
2000 2700 2053 2746 re·

409 2809 530 2884 bouum
552 2800 628 2864 nihii
651 2807 728 2874 erat,
748 2800 811 2862 nisi
831 2804 867 2862 ut
887 2800 928 2862 ad
949 2801 1069 2862 bellum
1090 2801 1178 2877 illud,
1202 2807 1289 2881 quod
1310 2805 1448 2868 insulam
1462 2805 1612 2868 Romanis
1628 2811 1805 2880 aperuerat,
1829 2801 2052 2866 descenderet.

409 2925 476 2988 Sed
498 2936 595 3000 quum
617 2918 648 2980 ei
673 2917 705 2978 in
727 2917 832 2978 auimo
859 2931 923 2978 non
944 2925 1036 2980 esset
1055 2919 1162 2997 ipsum
1183 2920 1301 2984 bellurn
1322 2937 1459 2995 narrare,
1482 2937 1523 2982 ea
1541 2920 1761 2984 tantummodo
1783 2916 2053 2988 commemoravit,

410 3054 493 3118 qnae
516 3035 557 3098 ad
577 3049 654 3107 rem,
674 3047 774 3110 quarn
796 3031 857 3094 sibi
873 3042 1096 3111 proposuerat,
1118 3042 1194 3112 apta
1215 3051 1292 3098 csse
1312 3038 1504 3100 viderentur.
1549 3039 1618 3112 Qua
1637 3037 1671 3098 in
1690 3049 1726 3096 re
1745 3049 1805 3096 nec
1828 3035 2053 3112 imperatorum

410 3154 541 3218 nomina
562 3149 761 3212 adscriberet
781 3161 922 3212 necesse
944 3155 1012 3210 erat
1033 3157 1066 3212 ct
1088 3167 1170 3228 opus
1193 3157 1262 3212 erat
1282 3153 1376 3228 quasi
1398 3153 1620 3225 excusatione,
1652 3167 1694 3214 ne
1717 3153 1789 3228 quis
1818 3153 1951 3214 annales
1977 3151 2052 3212 belli

411 3272 623 3348 exspectaret
654 3266 724 3326 Hoc
744 3264 838 3340 iginu
859 3265 1069 3343 fragmentum
1084 3265 1125 3332 82
1137 3267 1200 3330 sibi
1214 3268 1361 3330 voluisse
1376 3269 1509 3332 videtur.
1544 3269 1653 3332 Facile
1673 3269 1866 3348 perspicitur
1885 3282 2053 3328 verrucam

410 3389 497 3450 illam
518 3384 590 3460 (lrg.
612 3379 667 3456 84)
690 3395 766 3442 csse
789 3381 906 3454 exiis,
937 3397 1019 3459 quae
1046 3383 1078 3445 in
1100 3401 1177 3461 agro
1200 3385 1417 3448 onnianncnst
1438 3386 1623 3448 admiranda
1640 3386 1845 3460 videbantur;
1872 3382 2054 3460 intelligitur

413 3503 523 3576 edom,
547 3515 610 3576 quo
630 3497 702 3574 y'ure
721 3498 767 3570 is,
798 3498 852 3574 qui
875 3497 1067 3574 capitulatim
1089 3515 1127 3562 se
1149 3501 1257 3564 dicere
1278 3501 1452 3578 profitetur,
1474 3502 1506 3562 in
1527 3508 1639 3578 quarto
1662 3502 1742 3564 libro
1766 3503 1918 3564 Catonem
1939 3515 2052 3576 perse·

414 3623 521 3684 eohrm
550 3629 626 3676 esse
654 3614 773 3676 bellum
799 3612 953 3676 Punicum
979 3615 1113 3691 primurn
1142 3617 1252 3680 dicere
1278 3618 1425 3696 potuerit.
1468 3617 1614 3680 Pluribus
1636 3615 1746 3682 verbis
1767 3621 1812 3682 uti
1834 3617 1863 3680 si
1884 3615 2053 3687 voluisset,

414 3735 557 3800 scribere
589 3731 729 3792 debebat
760 3730 870 3807 Nepos
900 3729 1011 3794 inesse
1046 3732 1295 3810 descriptionem
1326 3733 1453 3796 Siciliae
1482 3747 1524 3796 ex
1544 3734 1696 3798 memoria
1721 3735 1798 3798 belli
1824 3732 1935 3796 Punici
1962 3733 2053 3810 primi

413 3851 550 3916 araxim
571 3863 611 3908 ex
632 3851 722 3923 parte
742 3846 916 3923 repetitam.

455 3967 485 4030 9.
519 3969 560 4028 ln
582 3962 724 4042 quinto
746 3963 1132 4026 secundumbellum
1151 3965 1369 4028 Poenicum
1391 3973 1632 4041 persecutus
1655 3973 1728 4030 est
1769 3967 1871 4028 Etiam
1892 3965 1957 4029 hoc
1979 3967 2054 4026 loco

414 4083 577 4160 reliquias,
601 4095 682 4156 ques
703 4079 844 4142 incertae
865 4079 955 4142 sedis
979 4095 1056 4142 esse
1080 4081 1228 4156 diximus,
1251 4082 1429 4159 expediam.
1456 4085 1549 4162 Frgg.
1571 4083 1629 4146 106
1651 4089 1683 4144 et
1705 4082 1765 4146 108
1785 4084 1881 4146 etiarn
1893 4081 2056 4158 Wagener

415 4217 474 4279 pro
496 4197 628 4260 incertis
649 4194 764 4272 habet;
792 4195 849 4272 irg.
875 4195 932 4258 100
954 4192 1008 4258 illi
1024 4194 1171 4278 polliciti
1187 4213 1257 4260 aare
1274 4188 1444 4278 facturum
1465 4195 1574 4262 omnio
1596 4200 1637 4261 ad
1657 4199 1752 4262 linem
1772 4200 1846 4262 belli
1867 4198 1978 4260 Punici
2001 4212 2055 4258 se-

417 4315 529 4388 cundi,
557 4315 613 4391 115.
638 4313 698 4376 107
720 4309 897 4374 exercitum
917 4328 1009 4377 soum
1026 4329 1198 4394 motuum,
1215 4319 1386 4394 perolent,
1405 4312 1613 4380 cohortatum
1634 4313 1747 4380 ediscit
1764 4309 1864 4396 foros
1886 4318 1986 4398 otpoc
2007 4311 2054 4373 in·

415 4429 538 4496 eoacti
550 4432 591 4493 ad
604 4431 723 4494 bellum
735 4430 926 4503 Aetolicum,
949 4431 1006 4506 lrg.
1023 4429 1082 4494 110
1101 4428 1190 4510 qood
1203 4448 1313 4494 corum
1324 4449 1416 4495 omno
1428 4431 1599 4517 1111111111
1611 4431 1784 4516 mquam
1795 4427 2055 4514 noiriipnotme

417 4553 466 4610 eat
486 4549 529 4610 ad
551 4546 733 4609 cratonem
747 4547 906 4608 adversus
928 4547 979 4607 Μ’.
1000 4546 1137 4608 Acilium
1160 4546 1291 4625 (Meyer.
1307 4567 1339 4626 p.
1355 4549 1408 4627 at)
1431 4551 1534 4612 relert.
1576 4551 1653 4626 lpse
1673 4551 1846 4626 fragmenta
1867 4548 2054 4609 11111111-

418 4664 552 4739 ecripsi,
581 4681 645 4740 quo
668 4664 793 4724 leeilius
814 4662 1036 4740 perspiceres,
1064 4681 1160 4740 quam
1187 4666 1313 4730 incertis
1341 4667 1526 4744 fragmentis
1555 4673 1673 4730 certam
1695 4635 1806 4730 sedeur
1828 4680 2055 4740 nonnunquam

419 4779 631 4855 assignaverit
651 4781 822 4858 anener.
864 4777 939 4840 Mihi
965 4779 1042 4840 nihil
1070 4782 1147 4842 certi
1174 4782 1286 4846 inesse
1310 4785 1451 4858 videtur,
1479 4785 1540 4848 uisi
1560 4785 1650 4860 quod
1675 4783 1732 4860 lrg.
1757 4781 1816 4846 110
1844 4799 1886 4844 ex
1911 4782 2055 4844 credone

419 4897 525 4972 aliqua
540 4909 615 4956 esse
631 4895 701 4972 ipse
717 4911 846 4974 quoque
861 4896 1009 4972 arbitron
1033 4899 1121 4973 quod
1142 4897 1171 4958 si
1189 4914 1248 4975 pro
1270 4906 1357 4962 certo
1380 4899 1533 4962 offirmare
1554 4901 1715 4974 auderem,
1738 4901 1768 4963 ei
1788 4900 1922 4962 motioni
1941 4899 2053 4974 adjun-

420 5027 538 5090 gercur,
561 5027 656 5088 quam
677 5012 751 5075 huuc
773 4995 855 5074 libro
876 5013 1025 5074 insertam
1047 5013 1149 5076 tuisse
1171 5021 1307 5090 constat,
1328 5017 1348 5078 i.
1371 5034 1398 5080 e.
1422 5017 1553 5080 orationi
1575 5033 1633 5093 pro
1656 5015 1893 5080 Rhodiensibus
1914 5017 2054 5078 habitae.

418 5162 461 5172 -
491 5130 602 5198 certae
633 5129 722 5190 sedis
752 5135 826 5192 snut
851 5130 1025 5208 fragmenta
1047 5131 1233 5205 duodecim,
1263 5151 1303 5196 ex
1333 5136 1448 5211 quibus
1472 5135 1535 5196 duo
1558 5135 1600 5196 ed
1621 5135 1759 5211 illyriam
1780 5139 1855 5196 sunt
1875 5135 2052 5206 referende,
