4334 5976
921 647 963 713 tr

840 729 1045 746 ψ

22 849 26 888 ³
123 859 243 934 quanta
263 850 494 932 approbatione
508 851 548 914 ab
566 849 723 924 omnibus,
747 849 802 928 qul
822 865 963 927 unquam
983 863 1041 912 res
1062 849 1223 912 Romanas
1246 843 1648 928 scdpserunt'exceptum
1669 855 1764 922 epm,

22 971 28 1006 '¹
120 978 202 1050 quot
220 970 368 1032 laudibus
390 968 575 1046 patebimus
596 983 674 1030 esse
695 967 833 1030 elatumi
875 966 973 1045 Atqui
995 981 1091 1028 nemo
1115 966 1182 1028 lere
1204 964 1325 1028 catone
1347 971 1478 1028 auctore
1499 979 1580 1026 usus
1608 968 1675 1059 est,
1702 961 1764 1024 nisi

25 1101 28 1108 ’
122 1089 210 1166 quod
231 1085 405 1162 Dionysius
427 1083 598 1163 quinquies
627 1085 668 1146 de
690 1083 912 1162 antiquissima
940 1081 1051 1146 ltaliae
1075 1081 1209 1144 historia
1229 1083 1392 1162 rebusque
1420 1097 1529 1158 regum
1551 1081 1765 1142 Romanorum

122 1204 216 1281 quasi
238 1202 368 1266 honoris
397 1217 498 1263 causa
524 1215 596 1261 eum
618 1199 735 1262 laudat
777 1201 916 1264 Honoris
947 1215 1049 1262 eausa
1076 1199 1171 1260 etiam
1199 1199 1314 1275 Georg.
1344 1199 1516 1278 Synoellus
1542 1197 1764 1273 pedissequus

23 1355 24 1358 =
118 1321 268 1400 Dionysii
290 1327 323 1382 et
342 1320 482 1380 loannes
504 1317 626 1395 Lydus.
650 1316 743 1395 (irgg.
765 1317 806 1381 28
822 1324 854 1380 et
867 1316 933 1394 29.)
975 1317 1055 1378 Nam
1080 1318 1168 1394 quod
1189 1316 1300 1394 Lydus
1323 1317 1499 1378 Varronem
1522 1316 1562 1376 de
1584 1317 1664 1376 urbe
1687 1328 1764 1374 con·

22 1441 26 1478 ¹
122 1439 188 1500 dita
210 1437 419 1499 consensisse
441 1434 518 1496 dicit
532 1451 603 1498 cunr
619 1434 749 1508 Catone,
772 1435 908 1496 maxime
921 1439 1078 1512 suspecta
1092 1435 1220 1495 videtur
1234 1434 1386 1507 societas,
1411 1432 1529 1509 quippe
1545 1431 1766 1507 discrepuisse

22 1589 23 1596 κ
121 1554 261 1616 intense
285 1555 325 1614 de
348 1567 430 1614 anno
451 1551 541 1614 urbis
565 1553 713 1614 conditae
734 1553 910 1614 Varronem
933 1557 965 1612 et
987 1551 1140 1612 Catonem
1161 1553 1213 1611 vel
1235 1551 1344 1628 pueris
1366 1554 1475 1611 nomm
1498 1555 1557 1610 est.
1599 1549 1666 1608 lam
1688 1547 1764 1608 vide

22 1693 26 1714 ι
119 1671 294 1732 indiculum
325 1668 549 1730 historicorum
575 1670 805 1737 Romanorum,
839 1669 893 1746 qui
922 1667 1105 1744 Originibus
1122 1668 1317 1730 Octauianis
1345 1665 1397 1728 usi
1418 1669 1509 1728 sunt:
1544 1663 1652 1726 Livius
1682 1663 1764 1724 laiso

120 1788 231 1848 laudat
251 1785 397 1862 Origines
418 1783 555 1858 XXXIV,
577 1784 597 1844 5
627 1782 697 1862 (lrg.
713 1783 777 1860 31),
806 1799 870 1846 non
893 1785 1061 1846 addidisse
1084 1785 1180 1844 tradit
1202 1784 1353 1845 Catonem
1375 1777 1492 1861 (utrum
1518 1783 1548 1843 in
1572 1781 1764 1858 Originibus,

121 1921 162 1964 an
184 1905 215 1964 in
237 1903 345 1979 aliqua
366 1917 407 1962 ex
429 1901 637 1976 orationibus,
659 1907 747 1962 reete
766 1903 921 1962 incertum
944 1914 1021 1962 esse
1044 1901 1123 1962 dicit
1142 1900 1323 1978 Lachmann
1347 1901 1387 1960 de
1416 1901 1492 1960 lent
1519 1898 1586 1961 Liv.
1602 1901 1638 1972 ll,
1660 1915 1692 1976 p.
1710 1895 1762 1970 17)

121 2035 285 2080 numerum
329 2033 497 2078 caesorum
539 2019 570 2078 in
620 2033 728 2095 pugna
769 2035 807 2080 se
842 2019 915 2094 ipso
962 2017 1045 2079 duce
1095 2017 1271 2078 commissa
1313 2015 1473 2092 hostium3
1521 2016 1635 2093 Vellej.
1670 2017 1706 2089 ll,
1745 2015 1764 2074 7

22 2173 24 2182 ,
122 2134 192 2212 (irg.
231 2134 282 2209 70)
326 2137 366 2196 de
410 2135 538 2211 Capuae
581 2135 701 2210 origine
742 2151 780 2196 se
823 2151 886 2196 non
931 2135 1069 2210 probare
1115 2133 1148 2194 id
1190 2135 1279 2209 quod
1318 2134 1492 2194 tradiderat
1537 2133 1632 2205 Oato,
1677 2149 1764 2212 pace

122 2249 317 2335 diligentiae
337 2246 472 2314 &tonis
493 2251 672 2328 profitetur3
696 2251 824 2312 Solinus
847 2250 877 2324 2,
900 2249 919 2312 8
943 2250 1012 2326 (irg.
1035 2249 1088 2324 57)
1116 2255 1230 2320 testem
1253 2252 1363 2312 laudat
1384 2250 1535 2311 Catonem
1569 2251 1608 2310 de
1638 2247 1763 2309 Tiburis

123 2369 302 2430 conditore,
344 2368 439 2429 Adde
463 2383 503 2428 ex
524 2367 657 2443 perditis
682 2367 823 2428 Coelium
844 2369 1042 2444 Antipatrum
1066 2365 1136 2442 (trg.
1161 2365 1214 2440 96)
1237 2368 1414 2426 secundum
1438 2366 1578 2426 Macrob.
1601 2365 1664 2426 Sat.
1688 2366 1711 2438 l,
1733 2363 1763 2435 t,

121 2484 161 2545 26
185 2489 217 2544 et
238 2483 385 2545 Cassium
407 2483 581 2556 Hominem,
610 2484 696 2558 apud
719 2499 813 2558 quem
840 2485 955 2544 iisdem
977 2485 1043 2544 lere
1065 2483 1173 2544 verbis
1196 2489 1247 2544 est
1268 2485 1324 2558 lrg.
1348 2481 1388 2544 58
1410 2487 1493 2543 teste
1514 2481 1677 2542 Prisciano
1700 2481 1720 2540 l.
1742 2481 1762 2540 l.

122 2599 251 2676 Septem
274 2599 368 2675 igitur
388 2607 463 2662 sunt
484 2601 557 2673 loci,
580 2617 652 2660 nam
675 2615 759 2676 quae
781 2600 822 2660 de
845 2600 995 2662 Sallustio
1018 2599 1154 2672 tradunt,
1178 2605 1327 2676 spectant
1347 2601 1387 2660 ad
1412 2599 1539 2660 dicendi
1562 2614 1675 2674 genus,
1698 2611 1761 2656 non

22 2767 23 2771 ,
122 2719 162 2778 ad
186 2717 275 2793 ipsas
298 2733 360 2778 res.
385 2715 523 2793 (Quintil.
547 2717 626 2788 Vlll,
648 2715 677 2790 3,
700 2715 750 2790 29,
774 2717 904 2780 Sueten.
928 2717 1038 2779 Octnv.
1061 2715 1111 2788 86,
1136 2717 1177 2776 de
1199 2717 1311 2778 illustr.
1329 2732 1456 2794 gramm.
1474 2716 1513 2778 10
1528 2721 1560 2775 et
1576 2709 1639 2796 15.)
1677 2715 1762 2792 Quae

22 2885 23 2888 ,
121 2840 287 2910 praetcrea
313 2833 365 2892 alii
391 2833 547 2908 suspicati
575 2839 663 2906 sunt,
696 2833 758 2910 ipsi
786 2833 922 2894 viderint
954 2834 1116 2909 quomodo
1146 2834 1347 2908 comprobari
1374 2834 1518 2909 possint3
1547 2839 1657 2892 nostra
1685 2829 1761 2891 nihil

22 3001 24 3004 .
121 2950 254 3009 interest
266 2963 322 3008 eas
340 2947 506 3024 opiniones
523 2948 677 3008 affirmare
692 2953 746 3007 aut
757 2947 911 3008 refellere.
953 2946 982 3007 3.
1006 2947 1096 3023 Quod
1120 2947 1173 3022 qui
1189 2948 1304 3007 lactum
1322 2948 1372 3020 sit,
1393 2952 1427 3006 ut
1448 2947 1478 3006 in
1495 2963 1617 3008 summa
1634 2945 1762 3006 Catonis

22 3101 23 3104 =
121 3064 267 3126 historici
288 3064 475 3124 auctoritate
498 3065 620 3140 septies
649 3064 734 3139 apud
757 3063 930 3126 historicos
952 3063 1114 3125 Romanos
1143 3063 1197 3122 liat
1219 3063 1378 3140 Originum
1402 3063 1534 3135 mentio,
1563 3063 1617 3138 qni
1645 3063 1760 3122 iactum

122 3181 173 3253 sit,
196 3186 230 3240 ut
242 3180 417 3255 Dionysius
439 3171 497 3238 τὸν
510 3171 636 3258 ἐπιμελῆ
651 3172 822 3258 γενόμενον
836 3177 863 3240 ei
883 3177 938 3240 nai
957 3198 1029 3240 aava
1053 3172 1153 3238 ἄλλον
1174 3175 1218 3250 εἰς
1238 3173 1296 3258 τὴν
1311 3169 1503 3259 συναγωγὴν
1522 3177 1578 3257 τῆς
1598 3171 1763 3258 ἀρχαιολο-

120 3289 279 3376 γουμένης
300 3292 439 3375 ἱστορίας
460 3295 489 3356 in
513 3295 562 3368 iis,
587 3311 669 3372 quae
691 3303 767 3372 post
787 3313 881 3372 reges
906 3303 1037 3358 exactos
1061 3303 1180 3370 narrat,
1209 3299 1303 3374 plane
1325 3297 1514 3372 neglexerit,
1544 3311 1636 3356 neruo
1660 3296 1761 3371 expli-

123 3429 196 3473 care
218 3417 350 3474 conatus
375 3419 433 3484 est,
457 3412 517 3473 nisi
533 3412 620 3488 quod
634 3412 755 3473 Livium
778 3429 848 3474 cara
863 3411 908 3475 ad
928 3429 983 3475 res
1002 3411 1194 3476 scribendas
1215 3409 1455 3496 appreciaretur
1475 3431 1541 3476 non
1561 3413 1611 3475 ita
1632 3409 1762 3474 nechao

123 3525 276 3591 Catonern
305 3534 417 3590 censet
444 3527 626 3589 Lachmann
653 3529 673 3590 l.
695 3530 715 3590 l.
737 3531 759 3604 l,
781 3547 812 3607 p.
837 3531 885 3592 43.
914 3533 1069 3608 probante
1090 3530 1356 3591 Weissenbornio
1386 3531 1463 3591 Einl.
1487 3549 1518 3607 p.
1541 3531 1591 3592 23.
1634 3531 1762 3592 Poterat

123 3647 152 3704 in
177 3662 267 3706 suam
290 3661 354 3705 rem
371 3646 500 3706 laudare
519 3645 703 3707 Ciceronem
717 3649 801 3708 Brut.
818 3647 865 3720 17,
880 3647 936 3709 66;
960 3643 1116 3730 Origines
1137 3641 1205 3728 cius
1226 3663 1317 3729 quera
1336 3643 1447 3727 liorem
1469 3652 1527 3708 aut
1549 3645 1638 3730 qaod
1658 3646 1762 3708 lamen

124 3759 329 3839 eloquentiae
348 3777 414 3823 non
436 3758 577 3823 hubent?
606 3761 778 3825 dolatores
799 3760 874 3825 huic
895 3761 1027 3836 darunt,-
1050 3765 1109 3826 sed
1132 3763 1215 3824 adde
1232 3779 1313 3839 quae
1330 3769 1515 3839 sequuntur,
1537 3762 1637 3826 sicuti
1656 3759 1763 3824 multis

113 3873 189 3959 jara
210 3883 287 3939 anto
300 3875 441 3940 saeculis
457 3883 488 3939 ct
505 3875 641 3943 Philisto
656 3875 831 3963 Syracusio
854 3885 885 3942 et
899 3878 968 3961 ipsi
983 3877 1172 3964 Thucydidi.
1215 3883 1383 3942 Amatores
1406 3881 1499 3957 igitur
1520 3883 1563 3943 illi
1578 3885 1708 3942 deerant
1722 3896 1761 3940 ex

123 3997 232 4071 vulgo,
255 4012 318 4056 non
341 4013 381 4055 ex
402 3995 604 4057 historiarum
620 3999 840 4074 scriptoribus
864 3997 915 4072 (cl.
930 3999 1117 4076 Bernhardy
1137 4000 1174 4059 H.
1190 3997 1223 4058 L.
1239 3999 1274 4059 R.
1291 4015 1321 4074 p.
1339 3997 1421 4072 196.)
1465 3999 1529 4060 Sed
1552 4005 1659 4074 potest
1679 3997 1760 4072 ipsis

123 4111 202 4172 Livii
223 4112 331 4173 verbis
355 4114 492 4188 probari,
515 4129 577 4174 non
600 4116 696 4175 modo
720 4116 835 4178 doctos
858 4113 1015 4190 herriaco,
1042 4116 1216 4176 sedetiam
1240 4131 1362 4185 coines,
1384 4115 1413 4174 in
1438 4131 1571 4192 quoram
1591 4131 1686 4174 usum
1707 4127 1759 4171 res

122 4229 284 4290 Romanas
308 4229 440 4304 scripsit
459 4229 584 4303 Livius,
615 4231 644 4291 in
668 4233 813 4294 manibus
836 4231 992 4293 hahuisse
1015 4199 1176 4307 Origines,
1200 4248 1293 4308 quum
1319 4232 1479 4293 orationes
1503 4233 1692 4293 Catonianos
1720 4244 1760 4288 ne

125 4345 236 4407 Cicero
261 4345 389 4421 quidem
418 4345 479 4406 sibi
509 4361 695 4424 comparare
718 4355 834 4425 posset
856 4365 977 4410 omnes.
1020 4349 1102 4409 Dicit
1129 4347 1210 4408 eninr
1236 4348 1343 4408 Livius
1366 4348 1458 4422 XLV,
1481 4349 1520 4410 25
1551 4350 1591 4409 de
1620 4346 1761 4409 oratione

122 4477 181 4537 pro
204 4462 460 4524 Rhodiensibus:
485 4457 564 4525 Non
586 4460 726 4525 inseram
740 4463 947 4526 simulacrum
967 4461 1036 4525 cr'ri
1054 4461 1184 4544 copiosi
1203 4481 1288 4548 qaae
1302 4461 1424 4525 dixerit
1437 4459 1635 4544 anseromia,-
1656 4461 1760 4545 circius

123 4576 235 4640 matio
256 4576 386 4659 scripta
409 4585 516 4642 exstat
538 4575 710 4665 Originum
731 4579 844 4664 quinto
867 4578 953 4642 libro
975 4579 1111 4642 inclusa.
1157 4582 1246 4642 Corte
1274 4598 1337 4641 non
1363 4589 1488 4658 poterat
1509 4585 1623 4661 jubere
1650 4583 1777 4643 Livius·

124 4711 193 4770 eos,
218 4697 332 4773 quibus
355 4697 504 4759 historias
528 4715 607 4760 suas
628 4698 765 4775 scripsit,
787 4701 953 4760 revolvere
970 4699 1126 4774 Origines
1149 4698 1177 4758 si
1200 4698 1343 4774 alrjcctae
1359 4706 1424 4760 tum
1440 4701 1683 4777 luissentatque
1700 4703 1757 4761 ob-

124 4813 248 4873 soletae
274 4820 306 4873 et
325 4816 368 4874 ita
390 4816 556 4890 neglectae
583 4821 618 4875 ut
643 4816 890 4892 perscripturum
918 4831 969 4876 res
1000 4817 1159 4876 Romanas
1187 4815 1291 4890 ipsum
1321 4817 1429 4892 lugere
1456 4826 1600 4893 possent.
1650 4820 1760 4896 ltaque

126 4929 202 4990 dum
223 4931 304 4990 alitae
329 4933 526 5006 proterantur
547 4947 676 5005 causae,
700 4949 755 4993 eur
770 4932 913 5009 Origines
933 4933 1117 5008 neglexisse
1137 4931 1236 4992 videri
1259 4933 1387 5008 possint
1406 4933 1560 5008 historici,
1583 4939 1675 4998 etiam
1697 4937 1759 4998 hoc

124 5053 310 5122 argumento
335 5049 488 5122 adducar,
511 5054 547 5108 ut
567 5051 749 5110 memoriam
771 5066 873 5110 rerum
895 5050 1105 5112 Ronranarum
1127 5049 1227 5110 luisse
1250 5066 1305 5111 eas
1328 5066 1450 5127 negem.

165 5161 193 5222 4.
229 5164 342 5227 Potest
369 5167 462 5228 ctiam
490 5168 575 5230 aliud
603 5174 820 5245 argumentum
848 5167 965 5242 afferri,
996 5187 1058 5248 quo
1088 5170 1330 5243 demonstretur,
1359 5186 1422 5232 non
1451 5172 1577 5233 omnino
1600 5177 1758 5232 amatores
