4334 5976
924 661 965 724 39

117 869 183 928 duo
205 867 246 928 ed
269 865 374 942 ipsum
397 863 514 926 bellum
542 862 799 935 Hannibalicum,
827 861 950 939 reliqua
977 863 1016 923 ad
1048 863 1222 924 credonem
1249 877 1307 938 pro
1337 859 1575 923 Rhodiensibus
1608 857 1758 920 habitem.

113 989 224 1060 Atque
251 983 283 1042 in
315 981 411 1044 rebus
439 979 576 1056 illyricis
604 979 733 1056 quidem
761 977 811 1040 bis
840 978 956 1039 lacman
986 993 1062 1040 esse
1090 978 1238 1040 videmus
1266 977 1401 1040 Neronis
1431 977 1632 1038 mentionem.
1678 976 1759 1036 Nem

115 1102 148 1163 G.
177 1097 315 1161 Marcius
342 1096 474 1172 Figulus
504 1095 616 1158 iterum
645 1095 758 1156 consul
801 1107 884 1156 anno
924 1093 1178 1172 quingentesimo
1217 1095 1425 1170 nonagesimo
1456 1099 1571 1156 octavo
1600 1089 1761 1155 adamae

113 1213 293 1280 Dalmatas
315 1227 438 1294 purum
470 1225 636 1294 prospere
657 1208 816 1292 primum
837 1213 959 1290 perrea
982 1205 1131 1292 feliciter
1152 1207 1334 1296 peynaett,
1363 1217 1394 1271 et
1419 1201 1509 1290 μέχρι
1536 1202 1585 1270 ἐπὶ
1613 1200 1761 1290 Νάρονο

114 1323 258 1413 ποταμὸν
277 1314 356 1413 ἧκεν
375 1317 579 1408 ὑποφεύγων.
623 1328 711 1389 Hanc
735 1343 802 1390 rem
825 1333 911 1388 certe
940 1328 970 1390 in
993 1327 1101 1406 quinto
1129 1327 1209 1389 libro
1232 1343 1296 1388 non
1324 1328 1463 1388 narravit
1490 1327 1576 1390 ceto.
1617 1327 1694 1388 Erat
1722 1339 1761 1386 ea

116 1450 204 1528 regio
226 1448 326 1511 sedes
347 1445 440 1520 belli,
473 1446 560 1522 quod
581 1444 717 1521 primum
739 1451 910 1521 gesserunt
930 1445 1063 1506 Romani
1101 1449 1211 1506 contra
1232 1444 1369 1521 illyrios.
1413 1443 1530 1506 Scribit
1551 1443 1634 1505 enim
1659 1442 1758 1518 Poly-

115 1568 187 1629 bius
210 1567 245 1638 ΙΙ,
265 1563 314 1638 11,
337 1563 391 1640 qui
412 1562 443 1622 iu
465 1561 517 1622 his
538 1561 635 1622 rebus
659 1562 750 1622 solus
774 1566 825 1622 est
845 1565 965 1634 auctor,
989 1559 1044 1622 Gn.
1059 1561 1203 1622 Fulvium
1228 1561 1446 1622 Centumalum
1469 1561 1565 1636 (Flor.
1581 1561 1617 1633 11,
1632 1557 1664 1632 5)
1688 1573 1758 1619 cos.

117 1697 300 1758 occupasse
322 1681 435 1752 lesum,
460 1679 577 1738 deinde
598 1677 702 1755 pergit
720 1674 786 1736 cciv
805 1669 840 1737 tt
860 1669 1117 1756 πολιορκούντων
1136 1668 1195 1756 τὴν
1212 1668 1323 1738 Ἴσσαν
1343 1673 1376 1737 ol
1394 1668 1452 1756 μὲν
1472 1670 1508 1737 ἐν
1527 1676 1566 1758 τῇ
1583 1669 1683 1758 Φάρῳ
1705 1669 1760 1735 διὰ

22 1861 25 1868 ,
114 1791 172 1860 τὸν
192 1788 377 1876 Δημήτριον
396 1787 545 1875 ἀβλαβεῖς
565 1785 702 1872 ἔμειναν,
724 1787 757 1853 οἱ
776 1788 805 1853 o’
825 1786 917 1854 ἄλλοι
936 1785 1051 1864 πάντες
1073 1785 1195 1872 ἔφυγον
1216 1791 1260 1864 εἰς
1279 1786 1337 1853 τὸν
1347 1787 1502 1875 Ἀρβωνα
1522 1783 1757 1862 σκεδασθέντες.

114 1916 203 1977 Arbo
238 1912 291 1990 qui
320 1913 363 1975 sit
391 1911 573 1984 nescimus,
601 1910 660 1970 sed
689 1909 819 1970 dubium
847 1909 949 1972 videri
976 1925 1040 1972 nou
1068 1916 1178 1987 potest
1204 1917 1377 1988 perspecto
1407 1913 1552 1974 locorum
1574 1912 1651 1984 situ,
1681 1907 1758 1986 quin

116 2032 334 2093 emendandus
353 2029 396 2090 sit
415 2027 508 2089 locus
529 2025 736 2104 Polybienus.
780 2025 857 2088 Nem
882 2027 999 2102 quibus
1021 2027 1140 2088 unibus
1164 2027 1238 2088 olim
1253 2027 1359 2088 locum
1376 2029 1538 2105 explicare
1553 2027 1658 2090 conati
1674 2029 1757 2095 sunt,

114 2156 150 2211 ut
175 2148 415 2224 suspicarentur
434 2144 522 2206 Arbo
550 2141 713 2220 antiquum
736 2155 813 2203 esse
831 2157 947 2204 nomen
968 2143 1119 2220 Epidauri
1142 2141 1307 2218 (Manncrt.
1332 2143 1447 2221 Geogr.
1469 2146 1535 2219 Vll,
1557 2161 1589 2222 p.
1612 2143 1698 2216 350),
1720 2141 1753 2202 id

115 2283 175 2327 nec
196 2263 388 2326 testimoniis
409 2264 551 2321 veterum
579 2275 639 2320 nec
670 2259 733 2320 situ
762 2264 857 2334 atque
879 2265 990 2322 natura
1009 2259 1160 2337 Epidauri
1181 2261 1344 2340 probatur.
1388 2261 1446 2337 Qui
1474 2277 1551 2323 vero
1573 2259 1682 2321 Arben
1709 2257 1757 2317 in-

115 2383 219 2444 sulam
242 2379 450 2456 significatam
472 2391 549 2440 esse
570 2380 690 2452 putant,
713 2391 776 2436 non
797 2375 1020 2437 intellexerunt
1032 2377 1143 2452 procul
1160 2377 1278 2436 abesse
1301 2376 1340 2436 ab
1359 2375 1411 2438 his
1427 2377 1508 2439 locis
1525 2392 1595 2439 eam
1610 2377 1756 2438 insulam.

115 2493 351 2575 (ellantii,
374 2486 457 2574 tto.)
499 2495 597 2554 immo
621 2492 840 2554 emendandus
860 2499 912 2554 est
930 2493 1040 2569 locus3
1070 2507 1128 2569 pro
1155 2487 1435 2552 TONAPssseNA
1460 2494 1534 2570 lege
1559 2489 1760 2554 TONNAP-

115 2609 246 2674 useNA
268 2617 300 2672 et
320 2611 456 2674 emenda
477 2609 626 2670 mendum
649 2623 728 2670 sane
748 2609 912 2685 vulgatum
935 2606 999 2684 (bis
1021 2609 1107 2685 apud
1128 2607 1261 2669 Ptolem.
1283 2609 1319 2682 ΙΙ,
1345 2609 1605 2685 17‚li,v111,‘l,
1631 2611 1650 2670 7
1672 2623 1757 2668 nunc

117 2733 243 2791 demum
268 2725 458 2802 correctum)
480 2741 538 2802 pro
562 2719 730 2784 ΝΛΡΩΝ
746 2725 951 2785 scribentium
973 2719 1175 2784 NAPuslN.
1218 2725 1288 2784 iarn
1309 2727 1476 2788 videamus
1498 2727 1629 2804 reliqua.
1672 2725 1757 2786 Naro

115 2849 196 2907 inter
213 2845 358 2922 Pyrasos
380 2848 413 2903 et
432 2843 589 2904 Liburnos
612 2858 630 2902 e
651 2841 783 2918 regione
800 2840 960 2918 Corcyrae
981 2843 1105 2902 insulae
1127 2843 1158 2902 in
1181 2856 1267 2902 mare
1287 2841 1484 2904 Adriaticum
1506 2841 1615 2906 influit.
1658 2843 1757 2905 Inter-

113 2963 202 3038 jacct
220 2962 300 3022 inter
320 2959 437 3022 ostium
458 2957 594 3018 fluminis
625 2963 657 3018 et
682 2956 768 3017 illam
793 2955 929 3016 insulam
950 2957 1053 3030 Hyllis
1076 2957 1278 3031 paeninsula,
1301 2960 1437 3032 quaein
1459 2959 1704 3034 septemtriones
1727 2961 1760 3014 et

117 3077 315 3138 occidentem
338 3075 440 3136 solem
462 3077 615 3149 spectans
637 3077 818 3148 angustum,
841 3073 900 3133 sed
924 3079 1104 3149 porrectum
1128 3072 1359 3144 elocuturum,
1382 3073 1412 3133 in
1437 3073 1529 3150 cujus
1553 3074 1635 3134 ostio
1664 3071 1757 3149 quasi

116 3191 389 3270 propugnaculum
405 3195 457 3251 est
469 3187 593 3250 Pharus
607 3187 814 3265 reliquaeque
829 3189 962 3249 insulae.
992 3188 1242 3264 Suntigiturcae
1258 3189 1381 3250 insulae
1401 3205 1471 3266 pro
1488 3203 1581 3265 agro
1597 3189 1756 3265 Illyrio,

116 3310 135 3369 i.
152 3323 180 3370 e.
203 3323 244 3368 ex
266 3307 522 3385 interpretatione
539 3305 639 3379 Gellii,
663 3305 755 3382 quasi
779 3303 941 3382 praesidia
962 3307 1037 3382 agri.
1081 3306 1247 3382 Relugr'um
1264 3305 1409 3381 praebuit
1422 3305 1540 3366 humen
1562 3307 1591 3366 in
1616 3310 1757 3366 extremo

116 3431 236 3486 mutum
265 3423 348 3486 ostio
376 3423 481 3499 longis
517 3422 653 3484 navibus
682 3420 862 3497 navigabile
896 3426 996 3482 tutum
1024 3421 1200 3498 lllyriorum
1228 3423 1371 3484 liburnis.
1419 3425 1525 3499 Atque
1555 3423 1595 3484 de
1620 3421 1755 3499 illyricis

116 3541 299 3618 ltagmentis
321 3540 414 3604 nobis
439 3537 567 3615 quidem
589 3537 742 3599 dubitatio
764 3537 875 3598 relicta
896 3555 959 3599 non
981 3539 1115 3600 videtur.
1160 3539 1228 3615 Quo
1256 3554 1289 3598 re
1313 3545 1492 3600 commotus
1513 3537 1655 3602 Niebuhr
1676 3537 1757 3598 scri·

117 3659 218 3736 pserit
238 3659 258 3718 l.
281 3657 301 3717 l.
328 3653 389 3717 der
412 3649 581 3736 illyr-thebe
600 3649 706 3739 Ktt‘ep
732 3652 818 3716 toird
844 3652 887 3716 im
912 3651 1059 3718 sechsleu
1085 3651 1178 3717 Ruelt
1204 3651 1451 3738 corpelommen
1485 3651 1571 3734 sein,
1597 3650 1687 3717 nieht
1713 3649 1757 3713 im

114 3767 262 3856 finften,
283 3787 346 3832 nou
368 3771 517 3833 intellexi.
538 3801 582 3812 —
600 3771 694 3849 Frgg.
711 3771 752 3834 95
775 3779 807 3834 et
820 3773 860 3834 96
884 3789 948 3850 quo
970 3773 1035 3834 sint
1055 3772 1231 3846 reserenda,
1255 3771 1384 3834 dubium
1406 3788 1469 3833 non
1492 3779 1559 3853 est;
1583 3776 1624 3834 de
1645 3772 1701 3848 irg.
1715 3769 1756 3831 tlt

118 3907 216 3969 supra
227 3889 289 3965 (ΙΙΙ,
304 3905 335 3965 p.
351 3888 404 3964 36)
422 3887 639 3967 jamscrips13
661 3890 740 3952 satis
757 3896 809 3951 est
822 3888 853 3952 h.
870 3891 890 3951 l.
905 3906 1002 3950 unum
1017 3889 1235 3966 adscripsisse
1255 3890 1469 3952 testimonium
1490 3907 1508 3951 e
1530 3891 1636 3952 multis
1651 3889 1756 3956 Valer.

117 4010 198 4070 Max.
210 4005 292 4080 IX,5
307 4011 369 4066 ext.
378 4005 407 4067 3.
417 4035 460 4048 ·-
473 4007 544 4081 urg.
557 4005 597 4068 95
613 4005 723 4067 iterum
737 4007 940 4085 perlustranti
954 4004 1028 4066 mihi
1041 4007 1147 4068 locum
1158 4023 1231 4066 num
1242 4012 1329 4068 recte
1344 4007 1418 4070 huic
1433 4008 1513 4070 libro
1530 4007 1758 4087 adscripserim

120 4124 296 4201 (Wagener
317 4127 350 4183 et
368 4121 452 4185 Roth
474 4137 515 4182 ex
536 4123 658 4197 ordine,
682 4139 776 4200 quem
798 4123 891 4196 laiso,
914 4129 948 4184 ut
969 4139 1068 4201 supra
1089 4125 1389 4201 demonstravimus,
1411 4125 1622 4200 instituerunt,
1645 4129 1755 4202 quarto

116 4243 197 4304 libro
219 4237 431 4313 inseruerunt)
447 4237 514 4316 jam
535 4239 666 4300 dubium
688 4239 763 4300 mihi
784 4241 919 4302 videtur.
961 4241 1068 4302 Locus
1090 4241 1310 4318 Vergilianus,
1340 4259 1435 4320 quem
1456 4245 1678 4320 interpretetur
1704 4239 1757 4303 his

116 4359 224 4421 verbis
240 4358 382 4430 Servius,
405 4360 455 4416 est
466 4355 519 4416 ille
530 4354 659 4432 quidem
675 4356 714 4417 de
727 4357 911 4420 Hannibalis
933 4359 963 4418 in
978 4358 1098 4418 ltaliam
1113 4359 1247 4420 hansitu
1263 4365 1295 4421 ct
1307 4361 1454 4422 laudetur
1466 4363 1593 4436 praeter
1605 4361 1758 4424 catonem

119 4478 213 4537 etiam
239 4473 357 4535 Livius.
412 4474 487 4550 lpse
508 4487 547 4534 ea
569 4472 676 4546 verba,
700 4473 788 4548 quod
815 4489 876 4551 ego
906 4474 1115 4549 meminerim,
1144 4491 1208 4536 non
1236 4481 1310 4538 sunt
1337 4477 1422 4554 apud
1448 4477 1586 4555 Livium;
1613 4474 1758 4554 proxime

118 4591 245 4686 accedit
264 4591 296 4652 id
320 4593 407 4668 quod
420 4587 528 4652 Livius
551 4589 582 4651 in
604 4605 638 4651 re
653 4591 749 4666 plane
770 4591 832 4652 alia
853 4591 930 4653 dicit
951 4589 1099 4664 (XXXIX,
1114 4591 1168 4668 54)
1198 4587 1301 4673 Alpes
1317 4609 1429 4675 prope
1462 4585 1757 4673 inexsuperabilem

114 4705 209 4791 finem
229 4709 336 4771 ltaliae
359 4723 444 4769 esse.
489 4709 611 4784 Quodsi
631 4707 741 4768 Livius
763 4709 824 4770 illis
847 4709 955 4769 verbis
971 4708 1152 4770 calonianis
1174 4709 1205 4769 in
1229 4709 1443 4774 describendo
1465 4711 1575 4772 itinere
1595 4709 1757 4771 Hanniba-

119 4826 181 4887 lico
202 4841 283 4887 usus
306 4841 370 4887 non
393 4829 453 4899 est,
477 4826 571 4884 etiam
593 4825 679 4900 apud
695 4825 847 4886 catonem
860 4841 923 4887 non
938 4827 1125 4888 necessario
1142 4825 1183 4885 ad
1197 4827 1315 4888 bellum
1329 4828 1570 4890 Hannibalicum
1591 4821 1758 4887 reserenda

119 4949 203 5016 suut,
226 4943 286 5004 sed
309 4943 443 5004 secundi
467 4941 568 5003 luisse
589 4941 660 5003 libri
681 4943 823 5018 putanda
844 4947 926 5004 sunt.
972 4945 1168 5023 Quamquam
1190 4961 1254 5006 non
1277 4947 1405 5006 multum
1429 4945 1570 5019 interest,
1594 4959 1657 5020 quo
1680 4942 1754 5001 loco

118 5075 232 5136 ponas.
252 5087 296 5100 --
324 5059 393 5121 lam
413 5065 543 5121 venmm
565 5062 616 5120 est
643 5059 764 5120 adeas
786 5057 956 5135 reliquias,
986 5077 1068 5138 quae
1097 5062 1232 5122 maxime
1266 5064 1431 5124 doctorum
1459 5062 1622 5125 hominum
1649 5057 1755 5120 studia

120 5175 335 5253 excitaverint,
358 5177 400 5238 ad
422 5177 594 5240 orationem
617 5191 674 5253 pro
697 5175 937 5240 Rhodiensibus
960 5175 1109 5241 habitam.
1152 5177 1266 5242 Habita
1289 5185 1340 5242 cst
1360 5180 1459 5244 oratio
1489 5197 1571 5243 anno
1600 5177 1754 5255 quingen·
