4334 5976
428 841 621 908 quamquam
642 822 735 888 animi
759 824 998 906 voluptatisque
1019 839 1121 892 causa
1140 834 1348 908 exercentem
1370 841 1443 892 nam
1463 821 1549 892 stlet
1567 823 1696 912 egendo
1717 821 2072 908 immensitatem

428 941 568 1010 dumet.
611 941 678 1005 Nec
707 955 848 1019 unquam
873 943 1027 1006 1111111
1059 959 1194 1023 magnus
1227 944 1354 1010 desidia
1380 950 1477 1022 atqua
1509 945 1662 1010 socordia
1695 944 1856 1024 ingenium
1884 947 2072 1020 torpescere

429 1075 550 1141 passam
571 1063 637 1136 est3
666 1057 742 1135 quin
769 1057 863 1120 etiam
888 1053 1005 1140 Scipio
1026 1051 1209 1140 Asmcoxm
1234 1057 1347 1126 dicere
1364 1055 1512 1136 colebat,
1540 1073 1712 1140 maguam
1735 1073 1773 1124 te
1799 1055 1904 1124 11111111
1932 1053 2073 1122 otiosum

429 1193 517 1254 esce,
545 1189 641 1259 11111
662 1189 759 1258 quem
778 1169 922 1250 otiosus,
948 1190 1008 1238 uec
1028 1174 1137 1266 minse
1151 1175 1273 1254 1111111,
1299 1192 1396 1262 quom
1422 1191 1518 1262 qum
1538 1175 1628 1242 cotes
1648 1179 1742 1240 earet
1783 1177 1903 1240 Verum
1922 1189 1984 1252 ego
2006 1187 2072 1236 nou

431 1291 652 1358 delectationis
676 1305 776 1354 causa
795 1290 838 1352 ad
858 1291 1063 1356 scribendum
1084 1309 1136 1356 ure
1158 1293 1292 1369 contuli,
1320 1293 1382 1358 sed
1409 1298 1445 1356 ut
1462 1289 1626 1356 meones
1642 1279 1815 1358 redicas
1841 1291 1967 1356 civibus
1999 1285 2071 1354 oret
2145 1363 2146 1386 ,

430 1406 606 1476 Ulmorum
641 1403 724 1468 caim
756 1401 905 1470 circium
938 1423 1005 1470 son
1038 1407 1143 1472 urinae
1178 1407 1241 1472 otii
1261 1425 1371 1494 xpataron
1403 1406 1531 1494 separii
1563 1406 1727 1474 rodomo
1762 1411 1895 1472 maore
1929 1410 2072 1484 oportet

432 1526 508 1590 llibi
530 1524 659 1604 quidem
681 1523 762 1586 satis
785 1523 937 1586 idoneum
958 1524 1145 1603 caloneque
1171 1526 1299 1605 dignum
1321 1526 1448 1589 videtur
1467 1527 1531 1588 tale
1552 1525 1738 1600 exordium,
1763 1523 1952 1604 praesertim
1973 1537 2072 1601 quum

433 1661 473 1706 ea
494 1646 599 1704 aetate
615 1639 762 1717 Origines
784 1639 962 1717 scripsisse
982 1640 1138 1716 videatur,
1162 1659 1226 1722 qua
1245 1643 1276 1706 ei
1296 1657 1356 1720 per
1376 1647 1576 1706 senectutem
1590 1640 1659 1720 jam
1678 1655 1745 1706 nou
1765 1641 1877 1706 llcerat
1895 1655 1950 1704 res
1965 1636 2072 1716 publi·

432 1777 490 1824 cas
505 1762 652 1820 tractare.
675 1749 731 1838 (ci
745 1755 803 1834 lrg.
820 1753 903 1832 118.)
946 1756 1030 1822 Roth
1052 1759 1146 1822 etiam
1167 1759 1230 1822 alia
1250 1759 1281 1821 in
1302 1757 1498 1836 praelatione
1520 1757 1716 1834 exposuisse
1730 1757 1882 1822 (tatonem
1901 1755 2071 1828 existerat.

430 1877 530 1940 veluti
552 1873 755 1937 delentibus
777 1871 846 1938 suis
870 1871 940 1950 (ing.
957 1872 1040 1950 113),
1064 1875 1105 1938 da
1127 1877 1313 1938 auctoritate
1333 1874 1557 1940 historicorum
1580 1873 1651 1952 (lrg.
1666 1873 1751 1950 116),
1772 1874 1804 1936 in
1826 1873 2012 1937 universum
2030 1871 2072 1934 da

432 1991 568 2056 bistoria
600 1989 774 2054 scribenda
801 1988 871 2068 (lrg.
893 1988 925 2067 a)
953 1990 1079 2070 aliaque
1106 1990 1177 2070 (lrg.
1198 1990 1264 2068 tt),
1292 1992 1353 2056 sed
1374 1991 1456 2056 haec
1484 1989 1561 2054 milri
1581 1991 1622 2054 ab
1643 1995 1747 2054 aetate
1768 1988 1942 2052 caumana
1968 1987 2073 2052 alicua

430 2111 587 2182 videntur,
609 2107 796 2185 praesertim
818 2123 916 2184 quum
936 2107 994 2186 lrg.
1018 2105 1077 2170 113
1100 2114 1133 2172 et
1155 2108 1215 2171 126
1238 2109 1279 2174 de
1301 2109 1417 2187 quavis
1431 2123 1509 2186 rege
1524 2111 1578 2170 aut
1592 2107 1675 2170 duce
1689 2106 1775 2170 dicta
1787 2119 1865 2170 ease
1877 2105 2016 2184 possint
2030 2133 2073 2148 -

430 2228 542 2292 Altera
561 2239 638 2302 pars
658 2223 799 2286 conduct
812 2239 862 2299 ea,
884 2239 968 2301 quae
989 2229 1063 2288 ante
1076 2225 1209 2288 Romam
1231 2226 1391 2290 conditam
1411 2225 1526 2288 inillis
1547 2223 1629 2288 locis
1652 2228 1744 2302 gesta
1764 2227 1840 2286 suut
1860 2220 1931 2300 (lrg.
1943 2219 2071 2295 5-21)

430 2347 506 2423 lpse
518 2341 630 2405 iterum
643 2347 694 2403 est
707 2339 945 2418 quadripartita,
957 2356 1030 2404 nam
1041 2341 1163 2420 primus
1177 2343 1270 2408 locus
1285 2349 1338 2406 est
1348 2343 1389 2406 de
1397 2341 1623 2418 Aboriginibus
1639 2333 1824 2418 (tage-t),
1837 2339 1918 2400 alter
1928 2337 2071 2402 1118111-

431 2461 482 2523 nis
499 2452 818 2540 (1ς.8119),111111
838 2455 1573 2538 11111111(11ς.1ο-16),111111111111111
1591 2456 1644 2520 val
1661 2456 1770 2534 potius
1791 2454 1832 2518 de
1848 2457 2072 2531 Aeneamque

431 2574 608 2639 Aeneadis.
648 2573 718 2636 iam
733 2573 1020 2651 demonstraturus,
1042 2576 1160 2654 quibus
1175 2575 1207 2638 in
1219 2575 1403 2652 fragmentis
1425 2575 1465 2638 ab
1487 2575 1598 2638 ordina
1612 2571 1846 2650 Wageneriauc
1869 2569 2072 2636 etaotbiano

431 2691 649 2756 recedendum
665 2703 742 2753 esee
759 2690 949 2765 censuerim,
969 2691 1000 2754 in
1018 2691 1153 2769 singulis
1171 2691 1330 2770 cujusque
1347 2691 1411 2754 loci
1429 2691 1615 2770 fragmentis
1631 2705 1695 2752 uon
1707 2689 1866 2752 morabor.
1891 2685 1974 2750 Nibil
1987 2687 2073 2748 enirn

431 2809 497 2872 boc
511 2807 610 2870 habet
619 2805 769 2868 momenti
791 2819 895 2882 neque
910 2807 1009 2884 lugiet
1030 2815 1113 2882 erun,
1136 2807 1189 2886 qui
1203 2808 1383 2872 accuratius
1408 2823 1462 2872 res
1486 2807 1727 2884 comparaverit,
1749 2805 1825 2884 quid
1846 2803 2002 2866 inhaere
2016 2819 2073 2866 se·

433 2932 527 2988 cutus
543 2923 615 2986 sim.
635 2923 743 2999 Atque
756 2921 798 2986 de
811 2922 913 3000 primo
927 2924 1003 2987 loco
1019 2924 1224 2988 consentiunt
1236 2939 1360 2998 omnes,
1375 2923 1437 2986 nisi
1451 2925 1539 3001 quod
1554 2924 1612 3000 lrg.
1625 2923 1645 2984 5
1658 2923 1821 3000 Wageuer
1834 2921 1876 2984 de
1889 2919 2073 2998 Phrygibus

430 3041 550 3104 dictum
571 3043 673 3118 putat,
696 3053 757 3116 ego
780 3053 853 3102 cum
875 3038 991 3102 Rotbio
1014 3038 1056 3102 de
1076 3039 1322 3118 Aboriginibua3
1350 3045 1520 3116 utrumque
1544 3040 1642 3102 licere
1663 3039 1756 3100 lacile
1777 3037 1951 3116 apparebit
1985 3037 2070 3100 ileli-

431 3173 566 3236 quorum
581 3161 688 3218 autem
708 3155 862 3218 rationem
883 3161 920 3218 ut
933 3156 1065 3218 reddam
1085 3156 1356 3234 proficiscendum
1376 3156 1502 3218 videtur
1521 3155 1682 3218 aTuscis.
1722 3155 1771 3217 Ile
1784 3155 1910 3218 Pisanis
1924 3155 2071 3232 inprime

432 3275 513 3338 libro
549 3277 698 3336 accurata
734 3271 799 3349 agit
831 3271 909 3335 cato
942 3269 1012 3349 (ing.
1038 3271 1092 3350 163
1128 3273 1212 3336 Roth
1244 3288 1325 3336 sane
1357 3279 1468 3336 contra
1498 3273 1646 3334 codicum
1672 3272 1890 3334 auctoritatem
1925 3271 2071 3332 secundo

429 3392 510 3453 libro
530 3389 642 3452 inserit
661 3386 898 3464 fragmentum),
921 3388 1009 3466 quod
1030 3388 1098 3450 lieri
1119 3405 1184 3452 non
1204 3390 1323 3467 potuit,
1345 3391 1408 3452 nisi
1429 3405 1482 3452 res
1503 3390 1682 3452 Tuscorum
1701 3389 1733 3449 in
1753 3387 1855 3466 primo
1877 3387 1957 3450 libro
1980 3402 2071 3448 onar-

430 3511 547 3568 resset
591 3505 638 3566 lie
651 3506 783 3566 Aeneae
806 3505 935 3582 quidam
956 3521 1009 3568 res
1025 3511 1135 3582 gestas
1151 3521 1277 3568 namara
1296 3509 1430 3582 potarat,
1452 3505 1513 3568 nisi
1528 3505 1708 3582 praemissa
1726 3505 1906 3567 Tuscorum
1927 3503 2070 3566 historia.

432 3624 502 3700 (lrg.
532 3618 595 3697 10.)
630 3620 699 3682 Jam
720 3619 808 3698 optio
832 3622 938 3696 datur,
959 3627 1079 3696 utrum,
1101 3623 1135 3688 id
1157 3623 1245 3701 quod
1266 3637 1349 3684 nuuc
1370 3621 1518 3684 homines
1541 3623 1628 3686 docti
1648 3623 1755 3684 lacere
1776 3621 1896 3694 solent,
1919 3619 2072 3690 0111111111

430 3740 551 3802 iecisse
572 3737 731 3814 suspicari
752 3737 909 3812 malimus,
930 3744 966 3800 ut
985 3738 1072 3802 initio
1092 3753 1145 3802 res
1166 3739 1347 3802 Tuscorum
1368 3739 1592 3816 perscriberet,
1608 3755 1648 3800 an
1663 3739 1848 3817 ubicunque
1863 3737 1895 3798 iu
1908 3737 2004 3800 rebus
2020 3753 2071 3800 re-

432 3873 506 3936 gum
520 3857 734 3918 Romanorum
749 3853 889 3916 Tuscum
910 3857 1062 3933 oppidum
1086 3857 1398 3918 commemorandum
1419 3861 1496 3929 arat,
1516 3855 1702 3920 substitisse
1715 3861 1748 3918 et
1760 3855 1912 3931 originem
1925 3853 1996 3932 eius
2012 3869 2072 3930 op·

430 3973 497 4051 pidl
512 3977 608 4048 atque
624 3971 739 4043 omnia,
763 3985 845 4047 quae
867 3970 899 4032 iu
913 3987 953 4032 ea
967 3971 1099 4050 regione
1110 3973 1296 4036 admiranda
1311 3973 1504 4047 viderentur,
1520 3973 1618 4036 veluti
1632 3974 1734 4036 saltus
1751 3987 1917 4048 caprarum
1932 3969 2002 4049 (lrg.
2019 3967 2072 4046 13)

431 4089 619 4166 plenissime
642 4087 842 4164 explicasse,
871 4087 926 4148 vix
946 4093 981 4148 ut
1002 4087 1074 4165 ipse
1096 4089 1281 4152 meminisse
1303 4093 1436 4166 posset,
1471 4104 1535 4166 qun
1557 4090 1631 4151 loco
1653 4105 1707 4151 res
1734 4090 1947 4151 Romanorum
1974 4088 2071 4149 dese·

430 4207 568 4282 ruisset;
599 4203 761 4281 quaeritur
782 4209 885 4266 utrum
907 4220 1004 4266 unum
1027 4206 1121 4283 quasi
1149 4221 1268 4283 corpus
1289 4206 1432 4268 Etruriae
1460 4205 1681 4283 expressisse,
1709 4221 1751 4268 aa
1773 4221 1832 4282 per
1857 4209 1958 4266 toturn
1987 4221 2071 4281 opus

431 4324 612 4385 Tuscorum
636 4321 778 4384 membre
805 4321 1002 4396 dispersisse
1028 4323 1189 4400 putandus
1217 4323 1259 4386 sit
1292 4323 1379 4384 Cato.
1421 4321 1576 4396 Accedit,
1609 4325 1699 4399 quod
1726 4323 1859 4384 altarum
1888 4321 1946 4399 lrg.
1984 4327 2071 4382 certo

431 4440 501 4502 libri
525 4453 656 4500 numero
678 4439 837 4515 signatum
859 4435 929 4515 (ing.
954 4437 1005 4514 11)
1033 4440 1107 4502 item
1139 4457 1180 4502 ex
1206 4440 1307 4518 primo
1330 4446 1381 4500 est
1402 4437 1493 4502 libro.
1537 4439 1807 4502 Commemoratur
1827 4439 1956 4516 quidem
1978 4439 2071 4514 quasi

432 4555 618 4617 intransitu
640 4554 769 4631 Capena
790 4553 821 4613 ln
844 4555 926 4616 Tulli
947 4557 1032 4632 regis
1054 4557 1151 4620 rebus
1175 4557 1276 4634 gestis
1305 4553 1386 4632 (Liv.
1408 4559 1431 4632 l,
1453 4555 1504 4628 ³0,
1527 4554 1571 4630 5),
1594 4557 1656 4618 scd
1676 4573 1740 4618 uon
1762 4555 1815 4629 ita,
1834 4560 1871 4618 ut
1891 4569 1931 4616 ea
1951 4569 2071 4631 cppor·

431 4672 562 4732 tuuitute
585 4673 692 4734 oblata
713 4671 753 4732 ad
775 4669 858 4732 banc
881 4672 1129 4749 descriptionem
1157 4673 1229 4751 (lig.
1254 4673 1387 4750 11-13)
1419 4675 1544 4736 delatus
1562 4673 1665 4735 videri
1684 4671 1791 4750 possit
1811 4671 1899 4734 cato.
1948 4669 2072 4748 Quodsi
2143 4649 2144 4740 ἶ

431 4787 585 4848 Etruriam
614 4789 645 4850 in
667 4788 768 4866 primo
791 4787 871 4849 libro
895 4789 1077 4866 descripsit,
1100 4789 1230 4852 dubium
1252 4789 1353 4852 videri
1380 4807 1445 4852 nou
1466 4794 1590 4867 potest,
1622 4790 1697 4867 quin
1719 4789 1812 4850 etiam
1835 4803 1889 4862 ea,
1917 4803 2002 4866 quaa
2031 4789 2072 4850 de
2143 4759 2144 4768 ἵ

433 4904 559 4966 Sabinis
581 4905 720 4980 tradidit,
744 4904 887 4970 similiter
909 4906 998 4983 operi
1020 4906 1197 4980 inseruerit,
1219 4907 1405 4984 praesertim
1429 4923 1526 4984 quum
1547 4907 1725 4968 arctissime
1747 4921 1820 4968 cum
1839 4905 2071 4983 Aboriginibus

433 5021 603 5099 conjuncta
624 5022 696 5082 sint
713 5020 772 5096 (cl.
796 5022 852 5098 lrg.
876 5021 918 5098 8.)
961 5026 1070 5100 ltaque
1093 5023 1237 5086 secundo
1259 5023 1333 5086 leco
1354 5025 1450 5100 posui
1470 5024 1654 5100 lragmenta,
1678 5039 1760 5102 quaa
1782 5029 1857 5086 suut
1877 5022 1918 5084 de
1933 5021 2071 5084 Sabinis.

431 5137 478 5200 lle
502 5143 613 5214 quarm
636 5137 709 5199 loco
733 5153 796 5200 non
819 5144 879 5212 est,
903 5141 989 5217 quod
1005 5142 1131 5215 addam,
1155 5142 1216 5204 nisi
1231 5143 1287 5218 lrg.
1304 5140 1355 5216 al,
1377 5142 1465 5218 quod
1487 5146 1539 5204 est
1558 5141 1599 5204 de
1620 5145 1727 5204 moute
1740 5141 1877 5214 Albano,
1900 5140 1940 5201 ab
1954 5137 2071 5202 Rntbio
