4334 5976
1185 567 1230 628 'sl

1110 646 1309 660 —n—-—

394 771 459 816 nnn
491 763 663 819 recusante
695 757 868 822 hechliae
903 767 1000 826 Ache
1026 767 1085 829 des
1113 767 1214 830 varro
1250 768 1281 828 ln
1309 765 1423 828 Philet.
1456 765 1506 840 tlt,
1539 765 1676 844 patu)
1699 767 1791 843 teges
1829 767 2058 843 insutntaqne

394 873 511 947 quibua
535 873 656 934 sensim
677 879 851 940 constituta
871 889 962 944 esset
981 885 1166 962 respublica
1186 886 1329 946 Βοοιοοο
1361 883 1528 956 (ὓοοίυᾱο
1550 885 1609 946 der
1629 881 1843 960 vertassnng)
1871 889 1906 944 et
1929 899 2054 960 usque

393 989 435 1050 ad
458 1005 614 1052 summurn
637 991 797 1068 dignitatis
814 999 945 1072 gradum
962 1007 1115 1075 prouecta
1137 1001 1181 1074 (in
1197 997 1281 1062 ihrer
1294 1001 1382 1063 lleilc
1396 1002 1461 1060 und
1477 998 1673 1074 Ueberrcile)
1695 999 1913 1078 inscriptionis
1936 1002 2054 1062 titisse

396 1121 527 1166 causam
557 1117 758 1170 censuerunt.
807 1113 907 1177 Nobis
944 1117 1159 1192 quaerendum
1197 1117 1336 1190 videtur,
1372 1119 1447 1193 quid
1477 1118 1563 1194 apud
1592 1117 1755 1180 Romanas
1782 1117 1946 1194 significet
1975 1133 2051 1178 rex

394 1222 555 1298 Originum
592 1225 661 1284 sive
689 1225 836 1304 Originis.
885 1232 996 1294 cicero
1032 1232 1162 1310 quidem
1189 1235 1265 1310 liep.
1295 1235 1330 1306 ll,
1364 1233 1376 1292 l
1408 1247 1506 1310 quum
1538 1233 1731 1310 scripsisset
1758 1234 1815 1310 lrg.
1846 1249 1865 1293 e
1896 1233 2048 1294 addidit:

396 1335 501 1416 Quom
523 1335 565 1402 ab
584 1357 665 1418 rein,
685 1349 722 1406 nt
742 1343 799 1406 ille
818 1343 958 1422 soalon
978 1347 1027 1410 ita
1047 1365 1132 1412 nune
1153 1365 1224 1411 orco
1237 1349 1493 1428 repetatornta'n
1512 1347 1636 1430 populi
1645 1347 1837 1432 οοιροααιο,
1859 1349 1920 1410 ssd
1942 1351 2049 1408 etiam

396 1464 548 1538 pluralem
571 1475 734 1522 numerum
755 1463 871 1540 patitur
893 1469 926 1524 et
945 1481 998 1526 res
1021 1465 1074 1538 (el.
1085 1481 1183 1542 supra
1195 1467 1262 1542 psl
1276 1465 1340 1542 sq.)
1353 1471 1385 1526 et
1404 1481 1486 1528 usus
1498 1469 1720 1530 Romanarum.
1764 1465 1857 1542 Quod
1878 1479 2047 1526 nonnum·

397 1595 490 1654 quarn
513 1577 715 1654 singulariter
735 1579 903 1640 laudantur
926 1579 1082 1658 Origines,
1104 1583 1201 1642 veluti
1223 1584 1280 1659 lrg.
1310 1580 1369 1645 107
1393 1584 1511 1660 quinta,
1534 1583 1592 1658 hg.
1617 1581 1675 1643 111
1697 1588 1791 1644 sexta
1812 1581 1926 1658 Origo,
1952 1581 2046 1640 idern

395 1695 521 1767 accidit,
544 1696 632 1770 quod
648 1695 677 1754 in
694 1697 860 1758 annalibus
877 1697 1069 1772 saepissime
1083 1698 1199 1758 laetum
1216 1713 1293 1760 esse
1307 1699 1465 1760 videmus.
1500 1699 1565 1762 Sed
1579 1698 1861 1760 transscribendus
1876 1703 1930 1758 est
1943 1698 2042 1756 locus

394 1813 543 1873 Livianus
567 1813 726 1884 consulto,
748 1817 783 1872 ut
803 1813 937 1885 videtur,
959 1815 1147 1890 plerumque
1168 1817 1351 1890 neglectus,
1373 1829 1414 1878 ex
1437 1830 1501 1891 quo
1524 1821 1695 1892 appareat,
1724 1821 1757 1875 et
1781 1815 1878 1876 unus
1905 1829 2044 1890 quoqne

397 1930 498 2004 gentis
522 1929 694 2004 primordia
716 1929 870 2005 appellari
892 1945 993 2006 pesse
1019 1931 1183 2007 pluraliter
1204 1929 1367 2007 Origines,
1403 1945 1463 1992 nee
1492 1933 1646 2008 appellari
1673 1947 1776 2008 posse
1809 1931 1957 2006 Origines
1986 1945 2043 1988 res

397 2053 505 2122 gestas
529 2045 642 2120 Populi
664 2045 805 2106 Romani.
828 2045 894 2106 Liv.
919 2047 1015 2123 prael.
1031 2046 1060 2107 4.
1103 2042 1169 2108 Res
1190 2075 1228 2088 -
1251 2043 1294 2110 ab
1317 2045 1445 2130 alpais
1461 2041 1620 2128 prosecta
1639 2045 1744 2110 initiis
1764 2063 1803 2110 eo
1825 2043 1984 2118 οναοαήλ,
2005 2049 2043 2104 ιι

390 2159 459 2244 jam
479 2157 700 2245 irrapniadlne
721 2156 851 2224 adoret
871 2177 953 2235 οαος
974 2167 1006 2223 et
1025 2161 1197 2246 tepentium
1214 2160 1384 2246 plerisque
1404 2159 1494 2226 houd
1515 2161 1630 2227 dubito
1652 2162 1732 2248 quin
1759 2160 1921 2244 primae
1949 2158 2040 2220 οτι·-

391 2279 509 2364 pinee
527 2277 798 2362 proximaque
823 2275 1064 2362 originibus
1084 2277 1188 2340 minas
1206 2275 1405 2358 praebitura
1425 2277 1608 2360 voluptatis
1627 2281 1712 2356 cist,
1735 2274 1971 2362 [οολίιαοιῶυ
1991 2275 2056 2338 od·

394 2393 492 2458 haee
522 2411 638 2456 nono.
684 2396 742 2457 Alii
767 2395 905 2472 denique
932 2412 1005 2456 narn
1035 2393 1150 2479 linquo
1177 2389 1313 2458 Cratonis
1337 2391 1523 2460 aerim
1545 2396 1695 2478 petrium
1716 2393 1875 2460 dilaceret
1896 2400 1929 2457 et
1948 2411 2040 2454 none

392 2527 503 2575 reum
525 2507 670 2573 Nomine
689 2509 870 2592 protulerit
896 2511 928 2574 h.
951 2513 971 2572 l.
995 2513 1140 2575 dubitant
1161 2520 1193 2574 et
1215 2519 1326 2590 putant
1347 2513 1503 2576 Graecum
1529 2529 1645 2576 nomen
1673 2512 1788 2586 κτίσεις
1814 2519 1869 2574 aut
1894 2507 1980 2572 αλοια
2007 2511 2041 2568 in

393 2631 523 2690 latinum
551 2629 688 2688 venisse
716 2626 867 2688 Catonem
896 2643 993 2704 quum
1016 2630 1162 2706 Origines
1192 2629 1389 2693 inscriberet.
1439 2629 1556 2692 Contra
1585 2631 1647 2694 hos
1675 2647 1771 2693 unuln
1800 2631 1918 2692 sullicit
1942 2641 2038 2702 argu·

393 2753 541 2817 arentum,
565 2743 652 2820 quod
669 2744 782 2806 Graeci
804 2751 1029 2806 converterunt
1044 2747 1189 2822 Origines
1205 2746 1236 2806 in
1253 2737 1481 2825 ἀρχαιολογίαν
1492 2747 1563 2808 slve
1577 2739 1887 2826 ἀρχαιολογουμένης
1898 2737 2040 2820 smoniae

393 2863 446 2939 (cl.
462 2865 517 2940 lrg.
534 2860 597 2937 28).
638 2851 857 2938 Ἀρχαιολογία
879 2867 983 2922 autent
1006 2879 1177 2941 numquam
1193 2863 1351 2940 signiticat
1371 2863 1554 2924 memoriam
1575 2881 1678 2926 rerum
1693 2866 1725 2924 in
1740 2862 1906 2941 scriptoris
1922 2863 2037 2922 aetate,

394 2983 453 3042 scd
475 2979 647 3056 antiquitus
671 2983 841 3055 gestarum.
886 2979 956 3038 Mea
983 2979 1140 3040 sententia
1163 2970 1202 3039 'de
1232 2977 1412 3056 Originibus
1434 2985 1564 3056 recepta
1589 2981 1700 3042 miram
1725 2979 1801 3041 nihil
1835 2980 1919 3040 inest
1942 2993 1982 3034 ne
2001 2977 2037 3034 in

393 3097 600 3174 inscriptione
624 3095 762 3170 quidem,
786 3093 846 3154 nisi
870 3095 957 3170 quod
980 3095 1057 3154 mira
1080 3095 1151 3156 visa
1173 3103 1224 3156 cst
1244 3095 1416 3156 veteribus.
1460 3097 1571 3173 Neque
1594 3111 1670 3158 vero
1692 3111 1868 3172 possumus
1890 3093 1963 3154 illos
1993 3107 2035 3150 eo

393 3199 520 3276 nomine
537 3213 724 3289 vituperare.
767 3209 891 3272 Novum
908 3216 975 3272 erut
991 3227 1092 3286 genus
1105 3212 1262 3272 literarum
1277 3213 1503 3289 Romanisque,
1525 3214 1580 3290 qui
1596 3229 1676 3274 suae
1691 3213 1909 3274 tanhnmnrodo
1933 3208 2034 3284 gentis

394 3347 447 3392 res
471 3345 509 3390 eo
533 3337 676 3404 temporo
698 3327 899 3404 perscribere
922 3327 1080 3399 solebant,
1102 3327 1197 3402 plane
1219 3327 1420 3404 inusitatam
1450 3330 1643 3406 cogitatione
1661 3329 1783 3406 tingere
1805 3343 1870 3390 non
1892 3329 2035 3404 poterant

395 3463 447 3508 res
471 3447 630 3506 Romanas
654 3461 716 3505 non
740 3459 799 3506 sua
820 3445 960 3520 ipsarum
978 3459 1087 3516 eausa,
1111 3445 1170 3505 sed
1187 3445 1227 3504 ad
1243 3445 1449 3506 illustrandas
1465 3446 1595 3507 aliarum
1614 3445 1776 3508 civitatum
1798 3446 1938 3522 origines
1961 3457 2032 3503 esse

265 3574 269 3587 “
395 3567 547 3624 narratas.
591 3559 621 3622 2.
655 3561 751 3622 Multo
775 3561 877 3622 minus
902 3559 1030 3622 dubiunr
1052 3567 1178 3638 poterat
1199 3561 1300 3622 videri
1322 3561 1499 3634 veteribus,
1531 3563 1581 3622 cui
1602 3563 1761 3624 literarum
1784 3563 1892 3638 generi
1913 3558 2029 3620 adscri-

396 3681 522 3744 bendae
549 3677 731 3738 viderentur
760 3677 924 3754 Origincs3
952 3679 1194 3754 adscripserunt
1223 3683 1255 3738 et
1291 3677 1402 3739 Graeci
1431 3684 1463 3738 et
1489 3679 1621 3740 Romani
1649 3678 1809 3755 historiis;
1844 3676 1892 3738 sie
1927 3675 2030 3750 Nepos

396 3793 555 3859 historias
573 3789 722 3855 salbas
741 3791 901 3869 latitat,
933 3795 1063 3858 Servius
1091 3799 1170 3856 Aen.
1199 3795 1251 3865 vl,
1274 3791 1334 3856 812
1363 3789 1521 3856 latonas
1541 3793 1688 3876 scripsit,
1708 3792 1810 3857 melta
1832 3789 1930 3854 etiarn
1951 3787 2031 3852 bean

395 3907 550 3994 confecit,
572 3909 720 3973 Plutarch
736 3911 755 3970 l.
771 3912 791 3971 l.
808 3911 858 3985 25,
877 3911 891 3972 1
916 3903 1126 3971 Συνεταττοτο
1146 3902 1205 3989 μὲν
1225 3895 1286 3972 οὖν
1305 3903 1421 3990 λόγους
1434 3902 1657 3982 παντοδαποὺς
1676 3903 1731 3971 καὶ
1750 3905 1898 3990 ἱστορίας.
1921 3909 2029 3984 quibus

396 4032 477 4094 loeis
501 4045 563 4092 nan
587 4030 691 4090 solam
714 4027 870 4104 Origines,
893 4043 1002 4088 verum
1026 4029 1119 4088 ctiam
1141 4028 1203 4088 elia
1225 4029 1355 4104 scripta,
1377 4029 1475 4089 veluti
1500 4029 1540 4090 de
1562 4045 1596 4090 re
1618 4027 1740 4090 militari
1761 4025 1939 4104 significata
1959 4039 2029 4085 esse

395 4149 551 4210 videntur.
572 4145 740 4220 Expuneto
763 4146 836 4205 loeo
860 4143 1046 4206 Charisiano
1065 4143 1135 4220 (ing.
1150 4144 1201 4217 67,
1219 4161 1249 4220 p.
1269 4144 1307 4204 tt
1322 4141 1386 4220 sq.)
1409 4143 1499 4220 ipsas
1522 4145 1668 4221 Origines
1690 4141 1842 4204 historias
1865 4140 2030 4218 appellavit

395 4279 499 4324 nemo.
544 4261 572 4324 3.
595 4262 704 4323 Missis
726 4261 986 4338 inscriptionibus
1009 4261 1090 4324 laiso
1115 4260 1294 4337 Originibus
1316 4261 1423 4324 inditis
1446 4261 1498 4334 (cl.
1521 4261 1578 4338 lrg.
1594 4278 1621 4333 e,
1636 4279 1667 4338 η,
1681 4257 1720 4336 O)
1742 4261 1806 4322 duo
1829 4256 2028 4327 restantloel,

397 4381 513 4455 quibas
536 4380 668 4440 annales
692 4383 847 4438 vocantur
868 4377 1025 4454 Origines.
1071 4377 1193 4456 Quodsi
1207 4383 1293 4438 recte
1309 4379 1425 4438 lactum
1442 4381 1502 4451 est,
1525 4378 1698 4440 concidunt
1718 4391 1798 4438 sane
1816 4376 1931 4448 omnia,
1953 4389 2027 4450 quae

397 4493 566 4572 hucusque
590 4495 777 4572 protulimus
801 4497 841 4554 ad
865 4497 1023 4572 vulgatam
1054 4494 1095 4554 de
1117 4493 1297 4570 Originibus
1327 4493 1514 4555 sententiam
1541 4494 1770 4571 infringendam
1791 4499 1887 4569 atque
1914 4493 1944 4552 in
1971 4493 2028 4551 lur-

399 4613 487 4672 cules
512 4613 670 4674 Caudinas
693 4613 826 4674 reducta
848 4617 900 4672 est
914 4627 977 4673 res.
1019 4613 1109 4673 Alter
1129 4613 1221 4672 loeus
1245 4616 1297 4672 est
1316 4609 1407 4671 Plinii
1427 4609 1551 4684 vlita,
1570 4611 1618 4682 11,
1642 4611 1721 4672 alter
1741 4611 1772 4670 in
1792 4609 1872 4671 Livii
1893 4609 2026 4686 perioch.

395 4727 504 4799 XLIX,
539 4728 599 4788 nisi
632 4729 716 4804 apud
743 4727 905 4800 lahniunr,
941 4729 1031 4806 eujus
1065 4728 1145 4790 liber
1172 4727 1214 4788 ad
1241 4741 1353 4788 munus
1382 4727 1456 4788 mihi
1490 4733 1646 4798 nonest,
1681 4727 1770 4786 aliter
1797 4733 1847 4787 cst
1872 4728 2026 4802 seriptum.

396 4845 514 4906 Plinius
538 4841 623 4915 (narn
646 4845 686 4905 de
709 4861 758 4918 eo,
783 4845 835 4922 qui
858 4844 1028 4920 periochas
1049 4845 1196 4906 Livianus
1222 4845 1424 4920 conscripsit,
1447 4846 1524 4906 certi
1540 4844 1697 4906 lerenlhil
1714 4841 1852 4917 constat)
1874 4843 2025 4904 tatalibus

398 4963 494 5022 rebus
518 4975 580 5021 non
604 4961 682 5022 satis
705 4969 853 5023 accurate
877 4963 956 5038 egit;
980 4968 1116 5023 attamen
1138 4960 1201 5022 hoe
1224 4977 1287 5022 non
1310 4961 1427 5022 sufficit
1448 4963 1489 5023 ad
1511 4961 1745 5039 explicandum,
1769 4961 1821 5036 qni
1844 4959 1959 5020 lactum
1979 4959 2023 5028 sit,

397 5083 431 5138 ut
452 5079 584 5139 cannales
607 5077 783 5152 appellaret
803 5077 922 5142 Plinius
947 5095 1028 5155 opus
1057 5080 1086 5140 in
1110 5079 1255 5156 singulos
1279 5095 1380 5141 annos
1404 5095 1466 5142 non
1492 5079 1640 5142 divisuro.
1684 5077 1794 5154 Neque
1822 5091 1900 5138 vero
1927 5089 2023 5138 venta
