4334 5976
260 2329 287 2389 l.
321 2329 446 2390 Paranti
469 2329 544 2390 mibi
565 2347 618 2394 res
643 2336 753 2410 gestas
778 2329 920 2391 scribere
942 2331 1079 2392 nominis
1094 2330 1195 2392 Latini
1219 2345 1315 2405 quum
1332 2324 1477 2404 Origines
1495 2327 1687 2390 Catonianae
1701 2337 1813 2390 essent

158 2443 327 2508 adeundae
350 2445 442 2520 quasi
459 2452 563 2522 caput,
588 2465 628 2508 ex
651 2463 714 2526 quo
736 2447 801 2507 fere
825 2445 938 2518 omnia,
964 2431 1234 2523 quae'troduntur
1256 2445 1297 2504 de
1320 2444 1503 2517 antiquitate
1518 2443 1638 2518 Latina,
1662 2459 1812 2506 manasse

157 2560 319 2636 videntur,
349 2557 411 2621 non
434 2561 635 2638 ignorabam,
653 2539 727 2624 ‘non
756 2563 796 2622 ad
824 2563 946 2640 largum
968 2577 1018 2622 me
1047 2561 1181 2634 fontem,
1212 2564 1270 2622 sed
1295 2563 1335 2622 ad
1358 2563 1465 2622 locum
1488 2577 1589 2636 prope
1613 2560 1811 2620 exsiccatum

159 2673 283 2736 deferri.
330 2677 421 2752 Quod
445 2691 508 2754 quo
531 2684 675 2754 tempore
698 2679 815 2737 factum
844 2678 900 2751 sit,
931 2684 966 2738 ut
993 2677 1192 2754 praeclarum
1223 2678 1300 2738 illud
1328 2683 1359 2738 et
1382 2676 1564 2752 diligentiae
1593 2681 1624 2734 et
1647 2677 1812 2738 doctrinae
1896 2683 1899 2692 “

160 2789 387 2850 documentum
417 2791 571 2866 interiret,
604 2800 652 2854 tot
673 2793 811 2854 servatis
835 2793 963 2866 libeliis,
988 2809 1070 2868 quos
1097 2793 1221 2855 deletos
1245 2796 1299 2856 vix
1322 2800 1413 2856 esset
1434 2793 1487 2870 qui
1511 2765 1725 2862 desideraret,
1754 2809 1812 2870 pro

160 2912 246 2966 certo
271 2905 399 2984 quidem
422 2907 569 2968 affirmari
598 2925 662 2969 non
691 2915 808 2986 potest.
853 2909 997 2968 Isidorus
1028 2907 1099 2984 (fr-g.
1123 2909 1176 2984 27)
1209 2911 1338 2969 ultimus
1370 2915 1435 2981 cst,
1466 2908 1519 2986 qui
1547 2907 1637 2982 ipsas
1666 2907 1812 2982 Origines

158 3015 188 3077 in
205 3019 351 3082 manibus
364 3019 520 3084 babuisse
538 3021 671 3098 uidetur,
687 3040 759 3084 narn
778 3025 865 3100 quod
881 3023 1088 3102 fragmentum
1106 3029 1156 3084 est
1172 3023 1258 3102 apud
1273 3024 1399 3098 Petrum
1417 3023 1635 3083 crescentium
1653 3019 1725 3100 (lrg.
1750 3023 1812 3098 13),

158 3150 222 3194 non
247 3153 286 3194 ex
315 3137 387 3213 ipso
418 3137 519 3212 fonte,
550 3141 673 3202 sodex
695 3139 847 3199 Varronis
870 3155 904 3199 re
926 3126 1045 3201 rustica
1067 3141 1103 3210 ll,
1126 3139 1155 3212 3,
1179 3137 1208 3211 3,
1237 3139 1309 3198 item
1340 3137 1427 3214 quod
1450 3143 1502 3196 est
1529 3137 1614 3212 apud
1642 3141 1813 3200 Alcuinurn

159 3247 228 3326 (ing.
252 3249 306 3324 69)
335 3268 375 3310 ex
404 3251 568 3314 Prisciano
597 3255 635 3326 V,
659 3253 687 3326 8,
710 3253 750 3314 45
774 3253 949 3314 derivatum
971 3263 1030 3316 est.
1073 3257 1121 3316 rie
1155 3271 1194 3314 nc
1222 3256 1358 3314 ioannes
1379 3253 1490 3328 Lydus
1515 3253 1657 3328 quidem,
1688 3256 1741 3330 qui
1773 3272 1813 3315 ex

158 3365 379 3438 superioribus
403 3368 546 3444 proxime
569 3369 694 3428 accedit
716 3369 756 3429 ad
780 3375 914 3430 aetatem
937 3372 1066 3446 Isidori,
1092 3371 1376 3450 satisuccuratam
1401 3357 1561 3444 Originum
1584 3369 1724 3428 notitiam
1753 3371 1811 3431 ba-

157 3481 282 3552 buisse,
307 3483 366 3543 sed
390 3485 576 3564 auctoritate
601 3482 729 3544 Catonis
761 3489 880 3542 ternerc
910 3487 1031 3546 abusus
1057 3501 1133 3546 esse
1157 3485 1282 3544 videtur
1318 3483 1388 3560 (li-g.
1412 3483 1598 3570 2815129),
1624 3487 1709 3559 quod
1732 3503 1811 3548 sane

158 3612 196 3656 eo
220 3595 322 3674 magis
346 3604 398 3658 cst
418 3599 538 3672 mirum,
563 3599 649 3675 quod
672 3597 878 3670 priscianum,
894 3597 956 3672 qui
972 3599 1000 3658 ci
1023 3599 1119 3658 aetati
1135 3596 1199 3658 fere
1216 3603 1283 3657 erat
1298 3613 1429 3674 suppar,
1454 3599 1599 3674 Origines
1619 3601 1809 3663 Catonianos

158 3713 304 3772 studiose
326 3711 491 3776 lectitasse
514 3715 619 3774 multis
643 3713 825 3790 fragmentis
850 3715 1016 3774 manifesto
1042 3687 1277 3790 comprobatur.
1473 3697 1480 3708 ’

256 3827 284 3887 2.
329 3829 443 3890 Verum
467 3805 536 3890 utut
557 3846 609 3890 res
630 3828 711 3888 bace
728 3845 804 3888 sese
820 3825 927 3901 habet,
950 3835 1037 3889 tanta
1060 3847 1157 3906 quum
1181 3831 1209 3888 in
1234 3827 1364 3904 reliquis
1381 3825 1543 3887 historicis
1559 3829 1722 3904 Romanis,
1746 3840 1810 3893 tuna

156 3945 185 4002 in
216 3941 344 4005 Catonis
374 3945 556 4021 Originibus
586 3946 670 4004 lacta
700 3951 751 4005 est
768 3945 910 4020 jactura,
944 3951 978 4002 ut
1006 3945 1201 4006 sbnul·cum
1230 3947 1396 4006 literarum
1418 3919 1524 4018 studio
1557 3943 1650 4004 etiarn
1682 3945 1810 4008 Catonis

156 4059 250 4134 quasi
273 4030 495 4120 renasceretur
518 4062 721 4121 desiderium.
769 4063 861 4136 Quod
885 4067 1035 4136 quantum
1058 4060 1264 4122 fuerit·haud
1293 4060 1361 4119 scio
1386 4075 1424 4117 an
1448 4059 1534 4118 nulla
1557 4059 1618 4117 alia
1645 4076 1679 4118 re
1708 4065 1809 4137 magis

156 4177 397 4251 comprobetur,
429 4195 523 4254 qnam
547 4175 711 4250 aviditate,
737 4193 799 4252 qua
823 4178 1017 4252 appetebant
1040 4175 1201 4252 Originum
1224 4177 1408 4250 fragmenta,
1433 4191 1514 4250 quae
1539 4175 1638 4234 edidit
1659 4178 1809 4238 Annius

153 4291 437 4353 viterbiensis
460 4295 580 4354 Romae
606 4289 731 4366 1498*),
756 4310 819 4353 non
836 4293 941 4352 solum
963 4291 1110 4352 homines
1131 4291 1333 4351 mediocriter
1356 4289 1452 4360 docti,
1475 4306 1584 4349 verum
1609 4291 1702 4350 etiam
1717 4291 1811 4366 Sigo-

153 4407 195 4466 nii
227 4407 452 4485 Sylburgique.
497 4411 628 4470 Frustra
654 4409 704 4467 elii
727 4407 833 4483 ipsum
855 4409 993 4470 Annium
1026 4424 1101 4467 csse
1131 4403 1292 4468 hominem
1323 4405 1509 4464 mendacem
1539 4411 1634 4479 atque
1664 4407 1810 4468 fallacem

156 4522 369 4596 clamitabant,
394 4525 509 4606 frustra
531 4525 582 4584 alii
606 4518 662 4586 eas
687 4525 815 4600 quidem
838 4523 990 4600 reliquias
1014 4525 1099 4584 nullo
1123 4525 1218 4584 modo
1243 4536 1320 4584 esse
1342 4536 1444 4596 posse
1461 4496 1656 4580 Catonianos
1677 4529 1811 4584 conten·

155 4637 282 4711 debant,
306 4654 445 4702 errorem
469 4641 634 4716 deponere
655 4641 824 4700 noluerunt
851 4639 1005 4715 plerique.
1048 4641 1196 4700 Attamen
1225 4654 1288 4698 non
1317 4633 1629 4696 Sancbuniatbonem
1657 4644 1711 4696 aut
1731 4639 1810 4698 Ura-

153 4753 239 4814 nium
262 4756 420 4816 obtulerat
438 4757 579 4832 Annius,
603 4757 664 4818 sed
686 4756 824 4830 ineptam
847 4755 1050 4830 farraginem,
1074 4755 1104 4814 in
1129 4770 1193 4828 qua
1215 4768 1275 4814 nec
1300 4751 1468 4812 eonsilium
1491 4751 1616 4824 operis,
1640 4753 1728 4826 quod
1753 4768 1809 4817 ex·

152 4895 404 4912 Ἥ

254 4980 393 5040 ‘literam
411 4983 505 5033 eodem
524 4997 593 5034 anno
611 4983 744 5044 Venetiir;
770 4981 835 5034 1512
853 4989 880 5032 et
899 4981 963 5033 1515
981 4981 1111 5042 Parisiis,
1131 4979 1194 5034 1545
1214 4987 1241 5028 et
1259 4979 1324 5031 1552
1352 4978 1530 5040 Antaei-piam
1549 4977 1742 5030 moserata
1776 4977 1808 5028 ab

154 5079 257 5144 olaph,
273 5079 403 5130 Panrinio
424 5077 468 5144 (rie
484 5081 548 5147 imp.
566 5083 655 5144 Rom.)
674 5083 767 5132 Venor.
787 5089 813 5130 et
829 5080 996 5140 Pensattet
1033 5077 1156 5144 Lugduni
1174 5093 1191 5130 a
1207 5079 1320 5144 Dionys.
1337 5075 1506 5128 Ootbofredo
1523 5077 1552 5126 in
1569 5077 1680 5142 antiqua
1696 5077 1810 5126 historia
1914 5133 1919 5145 .

154 5191 187 5227 ex
202 5177 309 5232 XXVII
325 5182 475 5231 auctoribus
494 5191 630 5244 contexam
649 5181 713 5235 1612
731 5179 898 5245 Viiebergae.

1605 5261 1619 5320 1
