4334 5976
1188 635 1208 702 8

1102 719 1304 732 -ῌ

372 843 497 904 omtnns
530 833 658 898 Aeneas
682 840 895 915 ponteonem
931 833 1139 916 campanile
1169 835 1270 900 tertio
1296 835 1430 918 procia
1467 835 1661 905 Mezentium
1693 837 1817 904 occidit
1854 837 2028 904 Ascanius.

375 957 453 1018 Cato
474 955 504 1014 ln
528 953 711 1031 Originibus
734 969 785 1029 ap.
809 953 898 1014 Serv.
923 955 1003 1016 Aen.
1024 954 1076 1028 lx,
1100 955 1169 1016 745.
1191 983 1233 998 --
1276 950 1384 1016 tactu
1405 949 1678 1020 Lauroioaininm
1699 973 1772 1020 σιω
1795 955 1926 1020 Aeneae
1944 953 2033 1021 cocti

373 1067 523 1152 maeatas
543 1073 693 1151 tramant,
712 1065 877 1149 proelium
898 1065 1114 1146 commissum,
1141 1067 1177 1130 in
1206 1085 1271 1153 qno
1299 1067 1439 1136 battare
1469 1070 1597 1137 ucenae
1625 1077 1693 1146 cst,
1716 1066 1809 1155 fttqit
1840 1069 1971 1136 ram
1997 1077 2030 1134 et

373 1182 531 1250 Mezentii
554 1182 681 1246 unaitio
709 1186 905 1264 comparato
933 1182 1131 1258 (rmwaaoit
1156 1183 1331 1265 maelium,
1360 1185 1437 1265 qui)
1463 1185 1572 1250 ciclus
1599 1185 1729 1271 quidem
1758 1185 1878 1252 catab
1907 1190 2031 1262 Aenea,

373 1301 434 1388 qui
452 1307 559 1364 tamen
573 1303 708 1362 ‘Aeaeos
726 1298 763 1362 in
782 1297 858 1380 ipso
876 1298 1010 1381 proelio
1027 1285 1098 1364 'non
1118 1299 1313 1382 comparuit.
1358 1301 1523 1366 mamae
1544 1302 1667 1380 (uero)
1690 1309 1811 1385 postea
1833 1301 2028 1370 ntmmtnm

372 1415 544 1482 interemit.
574 1417 672 1476 .Cato
696 1433 746 1492 ap.
770 1415 859 1477 Serv.
883 1419 963 1477 Aen.
986 1418 1038 1488 lV,
1061 1417 1131 1482 626.
1156 1416 1220 1491 (W.
1244 1417 1272 1480 8.
1296 1421 1332 1482 R.
1357 1418 1419 1493 16.)

414 1535 464 1598 22.
499 1529 693 1596 Mezentium
713 1530 845 1594 Rutulis
864 1529 1115 1611 imperassent
1134 1527 1394 1628 sibikoffcrrcnt,
1419 1551 1504 1618 qnos
1523 1533 1590 1598 dics
1614 1533 1782 1612 primitias
1799 1529 2029 1614 offerebantet

373 1649 513 1717 Latinos
534 1665 642 1711 omnes
667 1645 783 1710 sirnilis
804 1643 938 1726 imperii
956 1651 1041 1708 metu
1066 1645 1116 1710 ita
1142 1647 1291 1712 cosmoe:
1332 1646 1553 1731 iuppiter,
1579 1649 1617 1714 si
1643 1647 1726 1714 ttbt
1749 1650 1879 1734 magis
1907 1646 2030 1714 cordi

374 1775 452 1846 est,
479 1782 553 1830 reas
574 1783 621 1828 eo
651 1759 731 1824 titt
749 1759 851 1824 dare
876 1762 1039 1844 potios,
1067 1779 1180 1847 qnam
1210 1763 1434 1842 Mezentio,
1459 1765 1522 1828 nti
1552 1783 1626 1832 nos
1656 1764 1843 1830 uictores
1872 1759 2025 1844 facias.

375 1887 452 1950 Cato
475 1887 506 1946 ln
529 1881 631 1959 primo
654 1881 735 1941 libro
759 1879 921 1956 Originum
943 1895 995 1956 up.
1018 1881 1158 1942 Maerob.
1182 1883 1305 1944 Satura.
1329 1885 1378 1956 lll,
1401 1883 1430 1954 5,
1456 1883 1504 1944 16.
1528 1882 1592 1957 (W.
1618 1884 1653 1946 11
1677 1885 1712 1946 R.
1739 1881 1801 1957 17.)

413 2002 465 2064 23.
499 1993 596 2062 XXX
623 1993 719 2058 annm
750 1994 888 2075 capietis
910 2013 980 2058 euro
1007 1966 1225 2072 (Ascanium)
1254 1993 1373 2060 Atiam
1402 1995 1597 2062 maurane.
1641 1999 1719 2062 Coto
1749 2015 1799 2075 op.
1827 1999 1917 2062 Serv.
1945 2003 2026 2060 Aen.

373 2123 397 2192 l,
419 2117 491 2180 269.
514 2115 579 2190 (W.
604 2114 651 2174 14.
675 2114 713 2174 R.
736 2111 798 2185 16.)
897 2149 901 2158 ,
1326 2171 1332 2192 ,

368 2245 370 2253 “
416 2234 468 2296 24.
504 2228 664 2294 Albanam
692 2231 829 2289 montem
856 2223 898 2287 ab
928 2222 1016 2288 Alba
1045 2226 1146 2310 tonna
1174 2224 1303 2290 dictam.
1355 2231 1431 2292 Cato
1468 2245 1518 2306 ap.
1542 2230 1633 2292 Serv.
1666 2234 1747 2293 Aen.
1775 2231 1841 2304 llll,
1873 2230 1933 2294 1³4
1962 2228 2025 2303 (W.

375 2351 424 2412 15.
445 2352 480 2412 R„
503 2351 539 2420 ll,
561 2345 627 2420 63.)
1308 2359 1312 2370 ’

413 2465 463 2526 25.
500 2457 582 2541 Περὶ
603 2454 637 2522 δὲ
654 2441 719 2522 τῶν
740 2453 774 2520 ἐκ
795 2457 851 2539 τῆς
869 2451 964 2530 Ἰλίας
985 2450 1164 2538 γενομένων
1184 2452 1323 2530 Κόϊντος
1351 2453 1409 2538 μὲν
1438 2453 1971 2540 Φοὶβως,6116ττωρλεγόμονος,
1998 2445 2027 2544 φ’

370 2572 506 2649 Λεύκιός
519 2595 552 2638 τε
566 2571 697 2653 Κίγκιος
717 2569 770 2633 nai
787 2567 904 2634 Κάτων
927 2567 1068 2653 Πόρκιος
1088 2569 1143 2635 καὶ
1159 2573 1286 2636 Πείσων
1307 2567 1531 2654 Καλπούρνιος
1551 2571 1690 2640 καὶτῶν
1711 2571 1818 2640 ἄλλων
1838 2569 2028 2657 amaminor

330 2777 331 2785 ρ
370 2693 403 2758 oi
422 2690 549 2764 πλείους
568 2683 805 2800 ἠκορούθησαν,
833 2685 906 2766 τῇδε
927 2681 1052 2768 γράφει.
1104 2692 1255 2765 Sequitur
1276 2692 1413 2751 narratio
1443 2693 1484 2751 de
1512 2695 1659 2756 iratribus
1689 2695 1823 2771 geminis
1851 2710 1958 2768 usque
1985 2695 2027 2754 nd

371 2829 485 2874 necem
507 2809 634 2872 Amulli.
657 2823 707 2882 ep.
731 2806 866 2880 Dionys.
888 2807 911 2877 l,
935 2821 965 2878 p.
982 2804 1115 2865 64-76.
1161 2809 1359 2882 Quamquam
1381 2793 1671 2882 bisintinum)
1695 2810 1829 2871 affirmat
1850 2809 2025 2884 Dionysius

369 2930 511 2990 Fabiana
533 2943 571 2986 se
594 2925 722 2995 relorro,
745 2927 850 2980 tamen
874 2921 966 2980 etiaim
989 2925 1116 2994 praeter
1137 2920 1214 2982 illud
1235 2923 1319 2984 Aelii
1341 2921 1521 2984 Tuberonis
1542 2924 1759 2987 testimonium
1782 2923 1829 2999 (ρ.
1850 2923 1905 2998 67)
1928 2926 2025 2986 multo

369 3045 487 3114 insunt,
511 3053 593 3114 quae
614 3037 761 3112 Dionysii
784 3035 890 3110 potius
914 3034 1150 3109 loquacitatem,
1174 3051 1269 3110 quom
1290 3037 1380 3096 Fabii
1403 3037 1458 3110 qui
1480 3037 1581 3096 luisse
1603 3038 1739 3111 videtur,
1769 3055 1889 3102 morem
1916 3056 2020 3100 rerum

371 3157 613 3219 scribendorum
637 3153 771 3228 sapiant.
816 3153 923 3225 Atque
937 3156 979 3216 ut
1000 3167 1063 3209 non
1088 3151 1194 3210 omnia
1211 3167 1293 3226 quae
1316 3153 1489 3226 suatopud
1503 3153 1692 3228 Dionysium
1715 3170 1734 3214 a
1756 3155 1877 3216 Catone
1899 3163 2024 3216 narrata

371 3289 447 3334 esse
471 3272 641 3340 credimus,
673 3269 720 3329 sio
742 3272 831 3326 erant
858 3267 919 3324 ulia
941 3268 1026 3341 apud
1051 3267 1218 3340 Catonem,
1248 3283 1331 3342 queo
1365 3268 1472 3328 omisit
1503 3269 1695 3344 Dionysius,
1728 3273 1816 3332 velut
1847 3272 2021 3347 insequens

370 3393 587 3464 fragmentum,
609 3391 643 3446 ut
665 3385 770 3458 aliqua
793 3397 832 3442 cx
856 3388 943 3455 nolte
966 3382 996 3440 in
1020 3397 1058 3442 eo
1083 3398 1213 3442 munnere
1237 3383 1338 3446 luisse
1356 3384 1500 3456 videatur
1531 3383 1619 3456 Cato,
1643 3401 1725 3460 quos
1747 3387 1923 3463 Dionysius
1946 3389 2021 3448 dicit

322 3552 324 3565 .
370 3496 465 3564 οὐδὲν
486 3500 550 3560 τῶν
571 3490 825 3576 μυθωδεστέρων
847 3487 1015 3570 ἀξιοῦντος
1039 3491 1180 3576 ἱστορικῇ
1202 3497 1313 3577 γραφῇ
1335 3491 1514 3576 προσήκειν.
1537 3498 1581 3574 (p.
1607 3485 1668 3574 76.)

412 3621 462 3680 26.
501 3614 692 3681 Larentiam
713 3609 899 3676 meretricio
921 3617 1059 3693 quaestu
1081 3613 1314 3692 locupletatam
1335 3620 1412 3694 post
1433 3629 1596 3676 ncessnm
1616 3629 1708 3678 soom
1725 3617 1855 3697 papatu
1870 3615 2019 3682 Remotio

370 3751 473 3818 ayros
496 3729 669 3803 Tarracon,
690 3725 882 3804 Sernurium,
903 3724 1079 3790 Lintirium
1106 3735 1138 3792 ct
1158 3727 1318 3792 Sotiniam
1339 3727 1512 3813 reliquisse
1539 3737 1570 3793 et
1597 3728 1672 3794 idco
1699 3731 1870 3814 sepulchri
1894 3733 2018 3817 rnayni·

369 3847 501 3933 ficmtiin
529 3853 560 3909 et
587 3863 716 3907 aoranae
748 3840 993 3925 parentationis
1023 3840 1149 3906 bonore
1184 3843 1363 3928 dt‘ynolum.
1409 3847 1485 3908 Cato
1517 3863 1568 3922 ep.
1592 3847 1731 3910 Macrob.
1762 3851 1826 3911 Sat.
1850 3853 1872 3923 l,
1897 3851 1946 3926 16,
1972 3851 2018 3910 16.

371 3967 435 4040 (W.
461 3965 508 4025 16.
532 3963 654 4037 6.,23.)

411 4083 460 4142 27.
500 4081 567 4156 Qui
590 4083 722 4139 urbem
747 4095 885 4137 novam
909 4077 1069 4148 condet,
1093 4079 1204 4136 tauro
1229 4085 1265 4136 ot
1287 4095 1412 4138 vacca
1434 4085 1535 4153 aret;
1559 4079 1624 4139 ubi
1652 4079 1845 4170 araverit,
1876 4098 2019 4142 murum

371 4199 510 4269 iaciat,
540 4197 605 4256 ubi
635 4203 789 4274 portam
818 4195 1037 4276 multasse,
1069 4199 1240 4252 aratrum
1272 4195 1466 4256 sustollat
1494 4201 1530 4254 et
1559 4203 1694 4270 portet
1724 4205 1760 4258 ot
1786 4198 1838 4256 itu
1866 4202 2018 4272 portatu

469 4443 511 4504 23)
531 4444 605 4493 docet
622 4442 714 4505 fragm.
734 4390 853 4488 mendo.
875 4439 1018 4488 nonnullis.

453 4519 514 4606 nt)
533 4545 610 4593 codtl.
629 4540 750 4592 nonnulli
768 4537 926 4590 Albanum.'

469 4642 513 4704 26)
533 4643 701 4692 Laurentium
718 4640 789 4688 mule
805 4645 858 4687 tres
875 4637 939 4688 Jnni
957 4637 1035 4686 codd.
1054 4661 1088 4677 -·
1105 4637 1277 4688 sommarium
1296 4635 1364 4686 Gud.
1384 4637 1426 4696 (oi.
1446 4635 1590 4690 etc'Pbil.
1609 4637 1656 4698 vt,
1667 4639 1693 4698 5,
1712 4635 1812 4698 11)-
1829 4637 1948 4688 Litirinm
1966 4637 2017 4686 Bs-

370 4741 517 4802 mocianus,
535 4741 680 4790 Lintorinm
698 4738 822 4788 Cantaba.
835 4735 932 4788 Solleb.
952 4709 1340 4806 Medic.,Lntini11u'nPsrisin.
1359 4735 1379 4786 1.
1390 4761 1423 4772 -··
1441 4735 1521 4797 Cave,
1540 4751 1573 4786 ne
1590 4751 1681 4788 corum
1699 4737 2016 4802 conjunctiunculam,

369 4841 413 4904 qui
431 4849 571 4903 praeeunte
590 4839 708 4890 cellurio
728 4838 790 4889 Orb.
811 4837 909 4901 antiqu.
929 4835 951 4897 l,
980 4834 1013 4885 ot
1048 4835 1188 4886 Solonium
1205 4835 1370 4885 scribendum
1387 4843 1496 4900 patent,
1519 4851 1568 4888 nec
1596 4837 1648 4885 altu
1670 4849 1719 4886 noc
1739 4835 1913 4900 amplitudine
1931 4835 2016 4899 campi

369 4947 517 5003 perspecta.
551 4940 584 4988 cl.
602 4947 721 4989 nostram
738 4937 858 5000 chorogr.
877 4936 964 4987 Latin.
982 4951 1006 4999 p.
1028 4934 1083 4985 118.

468 5037 513 5102 27)
530 5039 575 5088 Ad
598 5053 638 5101 ca,
663 5051 729 5102 quoe
753 5051 786 5086 ex
805 5034 956 5098 Originibus
983 5036 1072 5096 (nomn.
1102 5035 1180 5085 codd.
1198 5034 1268 5085 malo
1287 5034 1477 5099 originalibus)
1497 5037 1627 5100 petiverat
1643 5035 1759 5096 Seruus,
1788 5005 1876 5084 addite
1894 5033 1972 5084 Unde
1990 5041 2016 5081 et

369 5138 528 5186 territorium
546 5137 643 5187 dictum
661 5145 709 5197 est,
735 5135 810 5200 qussi
830 5133 997 5183 terrlborium
1022 5135 1081 5196 (alli
1099 5134 1277 5196 bernharium,
1302 5134 1372 5188 Dsn.
1391 5134 1469 5186 Febr.
1489 5135 1629 5196 britonium)
1652 5135 1741 5185 tritum
1762 5133 1844 5184 bubus
1869 5139 1895 5180 et
1917 5141 2013 5182 metro.
