4334 5976
899 681 937 750 ot

819 763 1019 783 Η

98 885 142 948 sd
163 899 235 946 curu
253 883 361 948 iocum
381 883 515 948 misum
537 899 625 962 essu
647 899 713 966 quo
733 883 856 950 iudum
876 883 1077 950 describitur.
1118 883 1232 946 liestst
1250 877 1342 942 tertis
1364 891 1457 956 pars,
1487 891 1571 956 quae
1597 873 1739 940 continet

98 999 201 1078 ipsius
224 999 313 1063 urbis
334 998 486 1078 originem
507 1007 605 1079 atque
625 1017 679 1065 res
700 1018 812 1080 regum
832 1003 1055 1067 Romanorum.
1078 998 1149 1078 (og.
1170 994 1320 1073 35-36.)
1362 995 1397 1057 in
1417 993 1469 1057 his
1490 995 1589 1056 rebus
1610 993 1738 1054 minimo

99 1116 249 1182 obscuris
271 1127 377 1194 puucs
396 1123 487 1190 sunt,
511 1131 595 1195 quae
616 1117 721 1180 minus
742 1123 830 1182 recte
856 1117 933 1182 mibi
960 1118 1119 1180 collocata
1145 1116 1320 1177 videantur.
1368 1113 1418 1176 Ac
1447 1109 1581 1188 primurn
1609 1108 1738 1188 quidem

97 1235 279 1295 Autumnus
302 1230 371 1310 (lig.
394 1230 449 1308 39)
468 1233 553 1296 lietb
575 1234 617 1296 cd
636 1234 845 1313 Aboriginum
864 1251 919 1298 res
940 1233 1053 1297 rendit.
1095 1231 1288 1308 Aborigines
1311 1227 1440 1306 quidem
1462 1242 1503 1290 eo
1530 1225 1650 1304 oppido
1677 1239 1738 1302 po·

97 1349 146 1412 titi
174 1365 252 1412 esse
278 1347 426 1410 dicuntur
455 1345 601 1428 (Dionys.
623 1351 660 1424 11,
681 1367 713 1429 p.
737 1348 826 1427 193),
854 1352 916 1414 sed
937 1352 1042 1429 ipsum
1063 1349 1120 1427 iry.
1144 1349 1250 1421 docet,
1269 1361 1333 1424 quo
1354 1345 1555 1406 referendum
1576 1341 1637 1420 sit3
1664 1357 1739 1404 nam

100 1481 199 1544 quum
221 1465 263 1526 de
281 1463 509 1542 Aboriginibus
532 1467 687 1528 scriberet
708 1466 797 1544 ceto,
820 1483 1011 1532 asseverare
1032 1473 1119 1528 cerie
1140 1479 1203 1528 non
1225 1465 1366 1542 poterut,
1394 1459 1553 1537 antiquius
1577 1473 1653 1522 esse
1676 1473 1737 1534 op·

97 1581 225 1661 pidum,
251 1595 347 1659 quum
376 1581 524 1659 Romom3
559 1589 648 1645 recte
674 1591 780 1646 sutem
806 1585 971 1663 exposuit,
1005 1584 1083 1663 quid
1110 1583 1151 1644 de
1178 1577 1345 1645 Antemnis
1372 1581 1569 1654 compertum
1594 1573 1737 1646 haberet,

98 1713 197 1776 quum
218 1701 360 1758 numeret
378 1697 508 1772 beilum,
530 1713 595 1777 quo
618 1700 703 1762 bello
718 1704 896 1764 Antemnae
917 1717 994 1780 agro
1007 1702 1152 1764 Romano
1174 1699 1344 1777 adjunctae
1365 1699 1448 1758 sont
1489 1691 1561 1756 Pari
1582 1690 1679 1752 modo
1695 1688 1738 1750 de

95 1811 249 1876 Politorio
272 1813 331 1874 en't
345 1812 563 1891 judicandum.
586 1813 639 1892 (cl.
653 1816 721 1882 biv.
734 1817 758 1892 1,
775 1815 826 1892 33,
840 1815 884 1894 3).
915 1819 1051 1880 Videtur
1071 1815 1165 1894 igitur
1186 1815 1263 1878 ceto
1286 1827 1394 1876 esrom
1415 1809 1575 1872 civitatum
1598 1807 1740 1885 origines

96 1929 130 1990 iu
152 1927 254 2006 primo
276 1929 452 2006 scripsisse
473 1930 565 2006 libro,
588 1947 672 2011 quae
687 1948 707 1995 s
724 1935 855 2013 regibus
874 1935 906 1995 in
920 1935 1134 1997 Romanorum
1156 1931 1308 1994 ditionem
1326 1929 1479 1992 redactae
1500 1931 1583 1988 sunt
1603 1953 1647 1966 -
1665 1922 1737 1985 iem

97 2045 141 2109 de
162 2047 220 2124 ng.
236 2043 278 2109 36
292 2045 519 2123 disputandum
540 2048 608 2110 erit.
649 2047 698 2112 De
720 2051 805 2113 omni
826 2051 1009 2114 Tusculana
1031 2051 1157 2113 civitate
1179 2048 1282 2110 soiius
1297 2046 1386 2109 Lucii
1399 2041 1527 2106 Mumiiii
1547 2039 1738 2105 beneficium

99 2169 225 2240 gratum
246 2161 315 2224 iuit.
356 2161 446 2225 Unus
468 2171 733 2229 commemoratur
752 2167 897 2232 Lucius
918 2167 1086 2242 Mamilius,
1109 2167 1245 2228 dictator
1264 2163 1478 2236 Tusculanus,
1501 2159 1555 2237 qui
1577 2161 1737 2233 occupato

97 2279 138 2340 ab
170 2277 334 2340 Herdonio
358 2277 512 2357 Capitolio
532 2281 685 2367 Romanis
712 2285 795 2349 ultro
824 2285 973 2346 auxilium
1000 2285 1079 2346 tulit
1107 2283 1197 2360 (Liv.
1214 2283 1265 2356 Ili,
1294 2277 1342 2354 18,
1368 2277 1503 2355 Dionys.
1530 2275 1570 2348 X,
1597 2291 1629 2352 p.
1650 2269 1737 2345 642)

95 2393 200 2472 Hujus
220 2393 256 2456 1..
271 2395 398 2458 Marniiii
418 2397 607 2460 beneficium
628 2399 781 2462 catonem
803 2401 1006 2478 significasse
1026 2406 1117 2478 putat
1136 2401 1267 2477 Popmo.
1309 2398 1457 2458 Attamen
1480 2391 1568 2473 quod
1589 2388 1623 2451 id
1636 2389 1737 2450 bene·

96 2509 206 2571 licium
228 2509 260 2570 in
283 2511 384 2586 primo
405 2513 486 2576 libro
508 2518 749 2578 commemorari
776 2517 903 2581 omnino
926 2533 989 2580 non
1016 2517 1135 2594 potuit,
1161 2513 1315 2588 Bolhuis,
1339 2525 1530 2590 quamquam
1552 2507 1737 2568 innumero

96 2626 185 2702 apud
204 2623 403 2690 Prisciauum
423 2631 511 2692 nulia
533 2635 585 2694 est
604 2631 752 2694 codicum
774 2633 999 2712 discrepantia,
1021 2640 1142 2695 temere
1164 2647 1328 2694 numerum
1350 2628 1534 2690 mutandum
1557 2637 1634 2686 esse
1660 2635 1736 2682 cen·

97 2741 171 2804 suit
212 2742 332 2806 Verum
352 2745 509 2808 Mamilius
531 2747 614 2809 alius
636 2763 712 2812 esse
734 2763 797 2811 uon
819 2756 938 2829 potest,
960 2751 1022 2814 nisi
1046 2766 1144 2828 gener
1157 2747 1318 2827 Tarquinii
1333 2745 1478 2823 Superbi,
1501 2740 1653 2806 Octavius
1668 2737 1737 2800 Mu-

97 2857 213 2934 milius,
235 2859 328 2937 cujus
349 2875 545 2938 praenomen
565 2869 692 2927 veteres
715 2863 862 2946 (Dionys.
875 2869 915 2943 V,
931 2885 963 2947 p.
977 2867 1047 2942 293,
1069 2867 1137 2929 Liv.
1154 2867 1178 2940 1,
1193 2865 1244 2940 49,
1266 2867 1302 2940 li,
1320 2864 1368 2936 ib,
1383 2861 1552 2937 (Mamilius
1570 2851 1736 2928 octavius)

102 2972 151 3047 18,
175 2971 223 3048 19,
244 2975 366 3038 cicli.
387 2977 534 3053 D.11,6,
556 2979 597 3040 cd
617 2979 714 3043 Atiic.
735 2982 774 3056 Χ,
804 2980 853 3056 10,
878 2982 911 3059 3)
941 2999 1004 3045 non
1032 2982 1281 3058 adscripserunt.
1327 2977 1418 3054 Quod
1439 2974 1535 3053 huy'us
1557 2973 1614 3034 viri
1636 2973 1736 3033 bene-

97 3089 204 3150 iicium
229 3091 282 3152 cui
307 3097 430 3168 mutum
457 3093 564 3170 luerit,
591 3111 633 3157 ex
660 3097 733 3174 ipso
763 3099 937 3177 irsgmento
967 3115 1030 3162 non
1059 3103 1206 3176 apparet,
1234 3096 1295 3158 sed
1323 3109 1420 3171 quum
1451 3091 1557 3153 multis
1589 3089 1671 3150 inter
1699 3099 1737 3146 se

98 3205 281 3284 mutuisque
301 3207 467 3272 beneficiis
489 3225 638 3273 socerum
667 3227 881 3292 genemmquc
903 3217 1092 3294 conjunctos
1122 3215 1224 3277 ruisse
1248 3211 1420 3274 verisimile
1447 3213 1513 3284 est,
1536 3214 1603 3268 tum
1627 3208 1737 3264 notum

99 3327 151 3384 est
171 3321 249 3384 iilud
270 3323 476 3402 beneficium,
504 3329 721 3406 quoubsenti
748 3331 920 3409 Tarquinio
943 3333 1010 3410 regi
1031 3331 1175 3394 infensos
1198 3327 1375 3408 principum
1407 3327 1588 3390 Latinorum
1610 3321 1735 3382 animos

95 3439 368 3502 reconciliaverat.
398 3441 543 3521 (Dionys.
565 3445 618 3520 lv,
639 3462 671 3523 p.
693 3445 784 3523 247.)
828 3451 915 3524 Quae
938 3465 1035 3528 quum
1055 3449 1098 3510 iia
1124 3449 1202 3522 sint,
1229 3447 1340 3507 mirum
1363 3450 1427 3519 est,
1458 3443 1546 3520 quod
1571 3439 1735 3515 Wagencr

97 3553 143 3632 (p.
166 3553 198 3630 8)
220 3555 254 3618 id
275 3557 464 3622 beneficium
484 3559 695 3640 significatum
717 3579 794 3627 esse
817 3567 952 3641 censuit,
975 3581 1039 3642 quo
1062 3566 1219 3643 expulsos
1236 3562 1424 3639 Tarquinios
1447 3557 1555 3621 affecit
1567 3554 1735 3618 Mamilius.

95 3673 190 3734 Muils
210 3687 246 3734 re
268 3681 400 3738 coactus
421 3677 485 3740 vim
507 3679 599 3741 interi
620 3679 766 3742 Cornelio
781 3681 896 3759 Nepoti
918 3689 1013 3760 atque
1035 3683 1120 3744 belle
1141 3682 1182 3742 ad
1196 3679 1413 3742 restituendos
1436 3674 1626 3752 Tarquinios
1643 3675 1737 3748 gesto

96 3789 195 3852 rebus
208 3805 319 3868 regum
333 3793 546 3858 Romanorum
559 3797 748 3875 adjunxisse
768 3803 858 3875 putat
873 3797 1034 3872 catonem,
1057 3801 1145 3876 quod
1159 3813 1251 3860 nemo
1267 3811 1405 3872 unquam
1421 3793 1559 3871 scriptor
1570 3791 1734 3853 Romanus

96 3907 180 3967 iecit
223 3909 361 3972 Accedit
385 3911 474 3987 quod
494 3913 600 3989 ipsum
623 3915 829 3990 fragmentum
856 3931 1035 3994 repugnare
1055 3917 1198 3989 videtur,
1233 3913 1351 3990 quippe
1381 3929 1421 3974 ex
1451 3928 1514 3988 quo
1541 3907 1734 3983 reliquorum

97 4023 350 4088 Tusculanorum
373 4028 490 4090 nullum
513 4029 614 4092 inisse
635 4030 782 4092 videatur
800 4031 831 4092 in
855 4047 894 4092 eo
914 4047 948 4092 re
970 4031 1169 4094 beneficium.
1213 4027 1464 4094 Attamen-nihii
1493 4025 1648 4088 Mamilius
1678 4037 1734 4082 co-

96 4141 165 4202 nari
180 4147 315 4216 poterut,
336 4145 397 4205 nisi
412 4143 539 4222 adjutus
555 4153 586 4208 et
601 4148 732 4208 oliorum
746 4152 778 4207 et
792 4147 1045 4210 Tusculanorum
1068 4149 1170 4226 copiis
1185 4153 1281 4225 atque
1298 4145 1524 4208 voluntatibus.
1567 4141 1735 4215 Reliquum

96 4263 158 4332 est,
180 4265 217 4318 ut
235 4261 501 4336 paucauddcnde
523 4265 687 4326 videantur
705 4263 746 4324 de
768 4263 906 4324 incertae
929 4267 1017 4328 sedis
1032 4265 1184 4342 reliquiis.
1229 4265 1394 4326 consentit
1415 4277 1539 4322 mecum
1560 4257 1731 4333 ngener,

96 4375 159 4435 nisi
187 4375 274 4451 quod
304 4379 382 4456 qug.
411 4378 509 4442 38ct
539 4379 580 4444 39
607 4381 798 4443 deteriorum
826 4381 974 4443 codicum
1007 4383 1225 4444 auctoritatem
1260 4387 1391 4442 secutus
1422 4375 1596 4453 adscripsit
1624 4373 1733 4449 quinto

95 4491 195 4568 libro;
216 4489 300 4554 Roth
320 4495 377 4573 lig.
400 4495 438 4557 41
462 4497 504 4558 ad
526 4498 753 4575 praelationem
774 4499 888 4573 retulit,
917 4497 974 4574 ing.
997 4496 1039 4560 37
1060 4498 1100 4559 ad
1129 4514 1181 4560 res
1206 4499 1286 4559 Tulli
1309 4497 1411 4573 regis,
1441 4495 1533 4572 cujus
1561 4491 1606 4552 rei
1635 4501 1736 4548 causa

97 4608 225 4670 omnino
248 4615 299 4672 est
319 4615 413 4676 nmio
454 4615 593 4676 Facilius
617 4615 828 4676 concederem
855 4615 910 4691 ing.
933 4615 974 4676 19
997 4620 1029 4675 et
1048 4613 1089 4674 42
1112 4629 1187 4676 esse
1208 4629 1249 4675 ex
1269 4614 1365 4674 rebus
1389 4629 1408 4673 a
1429 4608 1599 4688 Tarquinio
1621 4604 1733 4665 Prisco

98 4727 209 4802 gestis,
238 4723 292 4802 (ci.
314 4727 448 4807 Dionys.
469 4731 518 4805 111,
541 4748 572 4809 p.
597 4731 655 4793 192
678 4735 710 4793 et
727 4729 793 4792 Liv.
817 4731 931 4809 1,37l;
962 4731 1022 4793 sed
1050 4731 1082 4793 in
1104 4733 1200 4794 rebus
1223 4737 1286 4792 tam
1310 4729 1438 4791 incertis
1461 4743 1519 4804 pro
1543 4729 1630 4785 certo
1653 4719 1735 4782 aiiir·

96 4857 184 4902 mare
205 4849 405 4908 non-audeo.
426 4877 470 4889 -
490 4848 570 4921 iam,
594 4849 716 4925 opinor,
739 4845 954 4925 intelligimus,
977 4849 1053 4925 quid
1074 4849 1176 4926 primo
1198 4849 1278 4909 libro
1301 4845 1474 4908 narreverit
1494 4844 1582 4905 Cato.
1623 4841 1736 4901 Insunt

98 4975 151 5033 ca,
181 4975 265 5036 quae
287 4965 379 5025 ctiam
402 4979 486 5024 nunc
509 4979 581 5024 cum
602 4965 699 5026 rebus
732 4981 842 5042 regum
869 4965 1081 5028 Romanorum
1111 4965 1304 5043 conjungere
1332 4964 1438 5025 soient
1471 4959 1618 5022 homines
1649 4954 1736 5016 docti

98 5083 193 5154 atque
219 5078 366 5140 videnum
396 5089 537 5156 narrata,
572 5086 606 5142 ut
638 5083 736 5160 turigo
769 5083 967 5144 tradiderunt
993 5083 1168 5158 scriptores
1197 5081 1338 5143 Romani.
1390 5079 1482 5156 Quod
1509 5083 1614 5139 eutem
1640 5085 1735 5146 reges

98 5191 187 5258 llood
212 5191 372 5261 immerito
400 5195 588 5263 conditores
609 5197 756 5279 portiom
783 5205 872 5265 certe
891 5195 1001 5275 urbis,
1030 5213 1113 5282 qous
1139 5213 1243 5264 novos
1269 5195 1338 5280 apsi
1362 5193 1456 5262 sedes
1488 5191 1531 5260 ab
1551 5209 1587 5256 sc
1615 5191 1734 5254 carice
