4334 5976
923 650 962 712 35

836 731 1036 742 ...n—.-

54 856 209 912 essent
238 855 358 927 gesta,
388 847 522 924 singulis
545 849 713 912 annalibus
736 851 809 912 anni
831 851 989 929 cujusque
1012 855 1044 911 et
1065 850 1253 911 consulibus
1278 855 1309 908 et
1329 850 1529 926 praetoribus
1552 854 1760 930 praescriptis

55 967 249 1056 indicari,
279 965 459 1030 nominibus
480 967 719 1042 magistratuum
740 967 872 1030 omissis
895 969 971 1044 quid
999 983 1058 1044 per
1079 967 1232 1029 consules
1255 970 1486 1044 praetoresque
1509 973 1633 1044 gestum
1653 977 1759 1048 esset3

60 1085 177 1162 quod
203 1084 249 1146 in
275 1085 363 1145 tanto
385 1082 611 1158 superatorum
632 1097 781 1157 numero,
804 1089 942 1162 quantus
963 1101 1021 1160 per
1042 1085 1128 1148 bella
1147 1083 1268 1144 Punica
1289 1083 1419 1156 sitisset,
1443 1083 1591 1146 sulficere
1613 1102 1676 1148 uon
1699 1104 1759 1164 po-

57 1201 225 1262 tuisset.
262 1201 374 1276 Atque
396 1198 437 1260 de
453 1198 645 1276 reliquorum
661 1199 818 1262 bellorum
834 1202 970 1264 duribus
986 1217 1081 1278 quarn
1091 1206 1178 1261 recte
1189 1199 1383 1277 judicaverit
1398 1200 1593 1279 Nipperdey,
1609 1205 1758 1268 nolumus

62 1315 105 1378 h.
125 1319 153 1378 1.
175 1319 379 1394 explorare,
401 1316 462 1376 sed
482 1316 656 1378 notandum
672 1322 733 1389 est,
755 1317 918 1393 vulgatam
940 1318 1100 1378 derebus
1123 1318 1154 1378 in
1167 1316 1348 1394 Originibus
1364 1318 1552 1393 perscriptis
1577 1320 1758 1395 opinionem

67 1434 230 1496 delendi
256 1448 325 1494 non
348 1447 465 1508 posse,
492 1431 553 1494 nisi
582 1433 735 1508 derogato
755 1431 787 1493 h.
810 1433 830 1494 1.
852 1433 916 1494 lide
938 1433 1049 1506 Plinio,
1079 1447 1174 1509 quern
1195 1449 1276 1494 sane
1298 1433 1428 1509 quidem
1450 1436 1581 1495 inultum
1604 1437 1706 1500 luisse
1727 1443 1759 1502 in

71 1550 257 1628 legendis
283 1549 464 1625 originibus
493 1549 592 1610 multa
612 1550 786 1626 fragmenta
808 1551 934 1611 docent.
977 1549 1157 1610 Notandum
1186 1555 1290 1611 autern
1319 1557 1372 1610 est
1398 1551 1562 1626 etiamid,
1594 1557 1682 1630 quod
1710 1559 1759 1618 vir

74 1669 124 1730 de
148 1665 337 1729 historicis
360 1665 477 1726 Latinis
501 1682 564 1726 non
585 1665 787 1727 mediocriter
807 1667 937 1727 meritus
961 1673 993 1726 ei
1013 1672 1101 1726 recte
1122 1666 1155 1726 id
1180 1667 1309 1742 quidem
1333 1667 1491 1740 concedit,
1509 1669 1630 1744 justam
1652 1669 1756 1734 bisto-

74 1785 170 1846 riam
196 1785 368 1846 bellorum
382 1781 573 1844 Punicorum
594 1781 693 1844 scribi
713 1797 776 1844 non
799 1797 912 1858 posse,
934 1783 996 1844 nisi
1018 1783 1136 1844 additis
1158 1783 1384 1860 imperatorum
1406 1783 1597 1846 nominibus.
1642 1788 1757 1852 Caedi-

80 1904 182 1964 cium
208 1900 347 1978 quidem
375 1898 561 1960 nominasse
590 1898 716 1958 videtur
750 1896 820 1976 (lrg.
844 1897 915 1972 84),
946 1913 1138 1974 quamquam
1161 1900 1255 1960 etiarn
1278 1900 1319 1960 do
1340 1899 1401 1960 hac
1424 1917 1460 1962 re
1480 1909 1590 1978 potest
1611 1905 1756 1982 dubitari,

82 2017 216 2080 sedis
242 2015 416 2078 indacum
442 2015 633 2078 Punicorum
661 2015 817 2076 bellorum
846 2029 977 2076 numero
1005 2015 1115 2076 baberi
1144 2031 1208 2076 non
1235 2021 1353 2091 potest.
1405 2017 1465 2094 Qui
1492 2018 1608 2080 laetum
1638 2023 1693 2096 sit,
1723 2031 1758 2086 ut

85 2135 227 2196 ducum
250 2131 380 2194 nomina
400 2132 520 2195 addere
542 2133 656 2205 nollet,
681 2131 714 2192 id
736 2133 904 2208 explorare
924 2133 1068 2209 plerique
1091 2132 1275 2206 noluerunt,
1307 2133 1370 2194 nisi
1392 2135 1480 2210 quod
1509 2149 1592 2198 unus
1620 2144 1654 2198 et
1678 2141 1758 2202 alter

86 2251 216 2312 miram
243 2249 402 2326 quondam
422 2248 667 2310 obstinationem
687 2255 784 2326 atque
806 2249 1037 2310 contumaciam
1052 2247 1240 2336 Scipionum
1256 2248 1330 2308 odio
1352 2249 1424 2310 slve
1445 2251 1508 2312 alia
1528 2267 1563 2312 re
1586 2255 1755 2318 conflatam

88 2368 172 2444 ejus
205 2366 257 2426 rei
284 2379 416 2428 causam
443 2379 520 2426 esse
541 2371 697 2442 putarunt.
740 2365 837 2428 Solus
860 2365 975 2426 Wilms
998 2365 1018 2425 l.
1041 2365 1061 2424 1.
1084 2380 1117 2439 ρ.
1139 2363 1189 2438 10,
1212 2364 1323 2424 mirum
1351 2381 1428 2428 esse
1460 2375 1557 2443 negat
1582 2385 1679 2453 quam
1705 2389 1754 2438 η.

92 2477 250 2543 wadan
272 2475 481 2544 Plutarctmn
502 2476 587 2544 Galo
606 2476 692 2542 teuc
711 2475 844 2560 impmii
861 2476 1007 2542 Romami
1025 2475 1198 2542 historiam
1219 2497 1258 2542 eo
1279 2483 1405 2542 matum
1423 2479 1562 2544 comitio
1583 2487 1754 2572 comer-ip-

91 2595 203 2672 rm't,
224 2593 312 2660 unde
328 2592 417 2680 pitius
433 2593 571 2678 patriae
592 2591 795 2678 mmlp'orum
814 2612 885 2659 rem
897 2593 1259 2680 moresqacperdiscat.
1304 2597 1430 2659 Certum
1452 2599 1580 2675 quidem
1597 2605 1754 2680 judicium

97 2715 143 2776 de
167 2714 331 2776 sententia
352 2715 410 2776 viri
430 2713 610 2776 doctissimi
629 2713 697 2776 fieri
718 2729 783 2774 aorr
803 2717 928 2790 potest,
959 2715 1047 2790 quod
1077 2728 1173 2790 quum
1200 2713 1361 2790 pollicitus
1391 2722 1496 2790 esset,
1524 2733 1562 2779 se
1582 2717 1686 2799 plura
1712 2722 1755 2788 a

99 2826 283 2914 Originu-
303 2824 402 2892 tibris
421 2829 599 2892 attalicum
625 2830 788 2907 promisso
811 2831 952 2891 nondum
974 2831 1077 2903 stetit,
1112 2829 1173 2892 scd
1202 2844 1262 2890 nec
1285 2831 1327 2890 de
1348 2835 1508 2908 tempore,
1538 2849 1601 2910 quo
1631 2839 1660 2900 si
1689 2857 1752 2902 non

103 2963 224 3010 omnes
252 2954 284 3008 at
311 2953 397 3008 cerie
424 2945 556 3007 extremi
585 2961 645 3006 sex
665 2945 736 3006 libri
758 2945 812 3018 (ci.
835 2961 922 3021 supr.
941 2946 993 3017 111,
1013 2943 1047 3018 3)
1076 2946 1186 3020 scripti
1212 2947 1395 3017 videantur,
1424 2961 1485 3007 nee
1513 2949 1554 3009 de
1579 2969 1751 3026 puerorum

102 3062 305 3124 institutione
316 3067 437 3124 temere
453 3060 623 3138 iudicasse
641 3061 803 3138 putandus
826 3067 886 3122 est.
929 3059 1004 3122 blibi
1026 3059 1155 3136 quidem
1170 3075 1229 3120 nec
1245 3059 1391 3136 Origines
1408 3075 1446 3122 eo
1461 3065 1596 3127 consilio
1612 3069 1752 3148 scriptae

103 3193 167 3240 neo
189 3180 224 3240 in
245 3179 430 3240 enarrandis
452 3179 549 3240 rebus
572 3179 673 3254 gestis
693 3178 821 3238 nomina
842 3177 960 3238 ducum
975 3177 1084 3253 pueris
1099 3177 1248 3236 videntur
1262 3191 1338 3236 esse
1352 3176 1524 3240 reticenda.
1570 3183 1750 3252 'teneamus

103 3296 265 3373 tantisper
283 3295 445 3371 vulgatam
467 3293 656 3356 sententiam
671 3294 713 3354 de
728 3293 874 3365 consilio,
898 3293 985 3369 quod
1001 3293 1032 3354 in
1048 3293 1228 3354 scribendis
1242 3291 1422 3369 Originibus
1438 3293 1593 3360 habuisse
1607 3302 1752 3367 videatur

107 3413 199 3486 (lato,
221 3411 349 3474 delendi
371 3427 435 3472 non
456 3425 558 3488 posse
579 3411 673 3472 salva
691 3408 783 3470 Plinii
796 3408 879 3484 iide;
901 3409 995 3469 etiam
1009 3410 1118 3486 plures
1141 3426 1195 3472 res
1219 3409 1349 3470 obstare
1368 3415 1465 3486 atque
1486 3414 1637 3492 reliagori
1658 3422 1749 3483 vide-

106 3529 225 3602 bimus,
248 3528 276 3590 si
298 3529 329 3588 in
351 3528 496 3604 singulos
511 3527 574 3590 hos
590 3527 690 3590 libros
706 3525 975 3602 inquisiverimus.
1019 3525 1086 3586 Sed
1102 3525 1169 3602 Jam
1183 3541 1306 3596 vereor,
1329 3541 1370 3586 ne
1390 3525 1463 3601 ipse
1483 3535 1748 3607 comprobaturus

107 3645 140 3708 in
160 3643 214 3707 his
235 3643 324 3706 libris
341 3645 462 3721 iustam
482 3644 639 3707 bellorum
653 3643 845 3704 Punicomm
858 3642 1041 3702 memoriam
1055 3657 1118 3703 non
1131 3641 1266 3703 infuisse
1281 3641 1313 3702 in
1328 3643 1463 3704 eandem
1487 3647 1749 3725 vituperationem

107 3761 263 3835 incidam,
291 3777 386 3837 quarn
418 3775 477 3823 eos
505 3760 663 3822 meruisse
687 3759 767 3830 dixi,
796 3757 850 3834 qui
876 3763 996 3818 temere
1023 3765 1167 3820 veterum
1196 3759 1387 3834 scriptorum
1420 3764 1636 3828 auctoritatem
1670 3785 1748 3832 con-

109 3878 305 3955 tempserint.
346 3877 467 3940 Dicitur
480 3876 563 3938 enim
577 3877 686 3952 Nepos
708 3874 891 3948 tradidisse,
914 3875 946 3934 in
967 3880 1079 3950 quarto
1096 3875 1257 3952 Originum
1280 3875 1360 3936 libro
1377 3875 1528 3938 Catonern
1543 3891 1748 3956 persecutum

112 4009 187 4056 esse
208 3994 326 4057 bobum
345 3993 500 4056 Punicum
521 3992 664 4069 primurn,
688 3993 718 4051 ln
741 3991 850 4068 quinto
866 3991 1053 4052 secundum
1096 3993 1282 4064 Videamus,
1305 4008 1370 4052 non
1386 3993 1460 4070 quid
1477 3997 1601 4060 dixisse
1616 4001 1748 4078 dicatur,

111 4111 171 4174 sed
198 4110 274 4188 quid
300 4125 412 4172 revera
439 4109 553 4170 duent
573 4111 692 4184 Nepos.
735 4109 835 4169 Addit
859 4111 959 4189 atque
985 4103 1067 4170 iaco
1094 4105 1203 4170 amaia
1222 4105 1429 4188 capitulatim
1448 4115 1524 4172 saal
1543 4109 1644 4178 dicta.
1689 4120 1746 4181 Vis

111 4228 199 4290 verbi
220 4227 424 4305 capiurlalim,
447 4227 592 4303 quamvis
615 4225 657 4288 sit
677 4225 890 4298 rarissimum,
918 4225 1015 4286 dubia
1035 4225 1135 4284 videri
1157 4241 1220 4286 non
1244 4229 1367 4300 potest;
1398 4243 1470 4287 narn
1497 4231 1628 4292 verbum
1658 4237 1746 4312 capi·
1794 4281 1795 4284 ,

112 4346 162 4406 tali
192 4359 251 4422 pro
279 4343 383 4420 capite
410 4343 481 4404 libri
507 4343 629 4404 terreae
659 4342 785 4402 demum
815 4341 978 4400 latinitatis
1008 4347 1068 4401 cst
1112 4340 1277 4416 Significat
1302 4343 1396 4420 igitur
1423 4341 1454 4402 h.
1477 4345 1498 4403 l.
1521 4347 1619 4421 idem,
1650 4359 1746 4428 atque

113 4461 220 4534 altero,
243 4477 305 4536 quo
328 4460 451 4537 legitur,
472 4461 546 4521 loco
568 4459 647 4520 Plin.
668 4458 705 4529 ll,
730 4455 778 4528 12,
799 4457 850 4528 55,
874 4473 938 4532 quo
962 4458 1039 4518 dicit
1059 4453 1205 4518 breuiter
1224 4461 1323 4534 atque
1349 4456 1556 4538 capitulatim
1575 4463 1746 4550 catapan,

114 4577 196 4654 opud
207 4579 349 4638 Graecos
365 4577 541 4653 scriptores
554 4575 746 4652 saepissime
760 4569 997 4651 κεφαλαιωδῶς.
1040 4573 1214 4649 Quaeritur,
1232 4575 1304 4648 quis
1321 4575 1398 4652 quid
1413 4576 1606 4652 capitulatim
1622 4583 1744 4646 dixerit

115 4693 262 4756 Catonem
283 4691 349 4754 noli
371 4699 497 4768 putare3
518 4707 698 4770 repugnare
719 4691 865 4751 videntur
886 4690 958 4765 ipsa
979 4690 1112 4765 Nepotis
1135 4691 1320 4788 verba,·qui
1342 4697 1428 4756 certe
1451 4695 1654 4769 scripsisset:
1682 4703 1744 4764 Ag.

117 4825 185 4884 que
203 4810 301 4872 haec
326 4807 717 4885 omniacapitulatim
738 4805 906 4881 scripsit
926 4807 1014 4867 sive
1036 4806 1154 4882 dixit3
1170 4815 1447 4906 repugnantcerle
1463 4825 1558 4885 quum
1572 4816 1745 4878 multaalia

117 4927 296 5004 iragmenta,
318 4934 384 4989 tum
406 4943 446 4989 err
467 4927 548 5004 ipsis
570 4926 665 4988 bellis
687 4923 815 4985 Punicis
837 4922 989 4998 imprimis
1012 4923 1069 4999 lrg.
1092 4922 1140 4985 84.
1184 4926 1294 5002 ltaque
1315 4925 1425 5002 Nepos
1448 4923 1528 4986 dixit
1554 4921 1635 4992 hoc:
1661 4930 1743 4992 haec

119 5045 231 5119 omnia,
261 5021 357 5120 (quae
379 5046 420 5107 de
447 5043 616 5108 summario
645 5041 785 5118 quinque
812 5040 963 5100 librorum
990 5040 1130 5117 priorum
1157 5041 1254 5102 modo
1284 5041 1522 5119 proposuerat),
1551 5045 1743 5122 capitulatim

121 5159 184 5222 dixi.
227 5161 269 5224 Et
287 5167 373 5222 reete
396 5163 448 5222 ille
471 5163 617 5240 quidem;
645 5175 718 5220 nam
740 5158 770 5220 in
794 5157 894 5234 primo
918 5158 996 5220 libro
1019 5159 1128 5222 insunt
1148 5158 1260 5234 multa,
1284 5175 1366 5237 quae
1389 5176 1452 5223 non
1475 5168 1551 5222 sunt
1571 5179 1611 5224 ex
1632 5179 1742 5240 regum

1507 5259 1545 5320 5*
