4334 5976
1254 633 1295 700 ts

458 839 602 903 defuisse
624 833 807 910 Originibus
835 839 1006 910 autequam
1028 839 1115 896 tauta
1144 835 1308 898 admiratio
1353 835 1481 901 cneus
1505 835 1676 896 incesserit
1695 833 1895 904 homiuibus,
1916 841 1950 894 ut
1970 836 2057 896 dicerit

458 972 573 1036 penus,
597 967 660 1029 quo
682 967 761 1012 usus
781 957 850 1010 erat
871 950 965 1022 Ceto,
1000 950 1062 1026 ipsi
1092 949 1237 1014 ciceroni
1259 951 1419 1028 praetento
1446 967 1510 1012 uon
1538 951 1720 1014 dubitarent
1740 949 1910 1026 (spartian.
1932 951 2010 1012 Hadr.
2029 953 2058 1030 li.

458 1077 501 1137 Μ.
528 1071 675 1134 Aurelius
711 1067 753 1128 ad
790 1068 984 1132 Frontonem
1009 1067 1045 1138 11,
1075 1067 1123 1140 11,
1157 1083 1228 1128 cum
1265 1083 1327 1144 quo
1358 1070 1432 1130 loeo
1461 1069 1500 1129 cl.
1529 1069 1586 1143 lrg.
1608 1065 1673 1142 97.)
1715 1065 1792 1128 Nam
1821 1067 1921 1126 mmm
1943 1069 2059 1128 vocatur

462 1189 635 1252 catoniaca
657 1201 753 1262 quum
782 1189 894 1246 essent
915 1184 1089 1244 obscurata
1111 1190 1207 1261 atque
1229 1185 1394 1256 obsoleta,
1424 1199 1489 1245 nou
1517 1185 1662 1254 deerunt,
1689 1183 1746 1258 qui
1774 1197 1905 1258 operum
1932 1199 2060 1258 cuunqu

460 1309 492 1366 in
521 1305 572 1364 his
595 1307 751 1378 ponerent
773 1299 989 1375 explicandis,
1017 1315 1058 1360 ne
1079 1301 1185 1362 aditus
1210 1301 1252 1362 ud
1274 1299 1425 1364 Catonern
1453 1299 1574 1362 sensim
1603 1299 1865 1376 praecluderetur
1892 1299 2010 1362 civibus.
2040 1301 2061 1360 ll

461 1423 569 1499 egisse
594 1419 718 1478 videtur
738 1415 909 1478 Sallustius
932 1414 1075 1494 (Sueten
1097 1419 1180 1493 Aug.
1205 1415 1257 1491 86)
1283 1423 1314 1476 ct
1335 1417 1464 1478 Verrius
1485 1417 1639 1489 Flaccus,
1663 1416 1717 1493 qui
1739 1415 1781 1476 de
1803 1415 1951 1476 obscuris
1969 1416 2062 1490 scripsit

460 1539 591 1602 Gelonis
615 1535 708 1608 (Geli.
731 1533 824 1604 XVII,
846 1531 876 1604 6,
899 1531 919 1592 2
941 1531 1014 1608 so),
1044 1534 1075 1594 in
1098 1548 1138 1594 eo
1160 1547 1290 1594 numero
1313 1539 1380 1594 erat
1402 1533 1494 1596 etiem
1518 1533 1660 1596 Statilius
1676 1531 1843 1602 Marinus,
1873 1531 1914 1590 de
1936 1533 2062 1606 quopiun

392 1633 423 1722 .’
462 1639 668 1717 conscribere
690 1653 720 1712 in
743 1651 848 1710 animo
871 1647 1057 1712 erat.'⁴÷.Sed
1078 1649 1229 1725 quoniam
1250 1649 1322 1710 linis
1346 1655 1397 1710 est
1418 1650 1584 1711 faciendus
1608 1648 1785 1720 scribendi,
1816 1647 1954 1708 sufficiat
1971 1649 2061 1708 laudare

361 1746 396 1760 Η
462 1789 510 1845 ea,
534 1786 617 1847 quae
639 1766 830 1828 Theodorus
853 1765 959 1840 Bergk
992 1765 1032 1824 ed
1056 1767 1237 1828 anecdotor
1257 1764 1437 1826 Parisiuurn
1460 1763 1603 1839 (Ztschlt.
1634 1765 1683 1828 liir
1709 1765 1740 1826 d.
1765 1763 2062 1826 Altertlrumsur'sseu-

461 1887 568 1964 schait
587 1887 627 1948 111
650 1881 769 1958 (1815),
791 1897 822 1956 p.
846 1879 904 1942 116
927 1879 991 1957 sq.)
1015 1882 1055 1944 de
1079 1899 1117 1944 eo
1142 1882 1325 1958 disputavit.
1367 1881 1415 1942 Ex
1435 1881 1491 1954 iis,
1515 1899 1597 1958 quae
1618 1883 1704 1944 idem
1731 1881 1886 1944 dissecuit
1911 1881 1950 1942 de
1969 1879 2062 1953 Laupa-

463 2007 558 2066 dione
580 2004 621 2064 ib.
643 2018 674 2077 p.
699 1999 755 2062 121
780 1999 871 2058 lucile
894 1998 1074 2074 apparebit,
1104 2015 1168 2059 non
1190 2003 1278 2058 recte
1300 1999 1418 2080 iecisse
1445 1998 1631 2062 Lerschium
1660 1996 1714 2071 (cl.
1743 2015 1842 2074 supra
1861 1999 1914 2070 111,
1937 1999 1964 2065 4,
1983 2013 2006 2070 p.
2022 1993 2062 2064 rii.

462 2123 548 2198 qued
570 2119 817 2196 Lampadionem
841 2114 986 2190 Origines
1009 2115 1038 2174 in
1063 2123 1187 2192 septem
1212 2115 1364 2176 divisisse
1386 2115 1485 2176 libros
1509 2121 1676 2191 procerte
1700 2115 1851 2190 posuerit

1159 2493 1407 2506 m
