4334 5976
1205 677 1225 740 4

1107 757 1308 772 a——u-Q

371 875 497 954 Nepos,
521 875 735 952 spectandum
753 891 829 938 esse
846 879 1004 938 censeret.
1047 877 1094 940 De
1117 879 1253 940 consilio
1270 877 1408 955 quidem,
1434 891 1499 954 quo
1515 876 1647 954 scripsit
1662 877 1740 940 Orto
1755 877 1915 956 Origines,
1939 891 2074 938 errare

371 997 502 1070 poterat
522 993 634 1068 Nepos
659 999 691 1052 et
712 1007 746 1053 re
769 1008 845 1054 vera
868 1007 997 1053 errasse
1019 993 1160 1068 videtur,
1189 995 1230 1054 de
1259 1009 1384 1055 summe
1404 1009 1508 1054 rerum
1532 1009 1595 1054 non
1624 995 1708 1055 item.
1753 993 1902 1055 Pluribus
1932 993 2073 1054 verbis

374 1123 442 1168 rem
465 1107 758 1196 comprobabimus,
781 1107 835 1170 ubi
859 1109 899 1168 de
917 1107 1126 1168 dictatoribus
1144 1107 1451 1184 Carthaginiensium
1474 1109 1684 1170 disseremus.
1728 1109 1794 1170 Sed
1815 1109 1915 1168 multo
1939 1108 2070 1184 magis

378 1223 665 1299 reprehendendus
690 1224 832 1295 videtur,
866 1225 953 1298 qnod
977 1237 1074 1298 quum
1098 1223 1273 1284 subscribit
1295 1226 1474 1286 sententiae
1503 1239 1632 1297 eorum,
1661 1223 1715 1300 qui
1744 1237 1797 1284 res
1826 1224 2068 1284 Romanorum

372 1355 436 1415 per
457 1345 570 1400 totum‘
584 1355 667 1415 opus
690 1343 896 1416 persecutum
920 1353 997 1398 esse
1020 1342 1131 1412 putant
1153 1337 1316 1410 Catonern,
1339 1345 1393 1399 aul
1415 1347 1534 1416 quanta
1555 1341 1587 1401 in
1617 1340 1747 1400 dumeta
1778 1341 2065 1415 compelleretur,

375 1455 508 1526 reticuit,
532 1455 618 1530 quod
644 1455 674 1513 in
698 1454 891 1530 explicando
908 1453 1083 1528 fragmento
1099 1451 1136 1511 51
1156 1453 1458 1527 demonstrabimus,
1481 1462 1536 1517 aul
1551 1462 1662 1546 contra
1682 1456 1832 1516 librorum
1848 1455 2063 1529 optimomm

377 1571 596 1632 auctoritatem
620 1571 866 1646 fragmentorum
890 1569 1004 1628 sedem
1025 1581 1085 1627 suo
1108 1567 1206 1628 Marte
1235 1571 1367 1630 mutavit
1394 1569 1465 1647 (hg.
1487 1570 1553 1646 69).
1596 1570 1703 1632 Facile
1732 1570 1953 1642 concedimus,
1980 1585 2061 1644 qua

376 1688 555 1746 constantia
578 1685 634 1745 luit
657 1687 751 1757 Cato,
777 1701 842 1745 non
865 1687 985 1743 temere
1008 1699 1080 1742 eum
1104 1683 1134 1742 in
1160 1685 1265 1744 medin
1288 1701 1387 1760 opere
1418 1687 1588 1748 eonsilium
1617 1659 1839 1759 mutassesid
1868 1686 1956 1762 qnod
1991 1685 2055 1744 alii

376 1804 620 1873 contenderunt,
645 1801 704 1862 sed
729 1801 949 1876 quaerendum
972 1804 1032 1869 est,
1058 1801 1152 1874 qualo
1175 1799 1277 1860 luisse
1300 1803 1476 1876 putandum
1498 1803 1541 1863 sit
1562 1801 1731 1862 eonsilium
1754 1801 1960 1872 Catonis,'ut
1980 1817 2053 1860 nee

375 1917 517 1992 reliquiis
542 1925 595 1976 aut
625 1917 797 1978 summario
819 1915 953 1991 Nepotis
984 1931 1043 1974 nec
1073 1916 1262 1976 notissimae
1290 1915 1419 1976 Catonis
1451 1917 1651 1978 constantiae
1681 1923 1846 1992 repugnet
1891 1916 2051 1976 Ceterum

375 2039 496 2092 tanturn
519 2032 623 2103 abest,
647 2037 680 2090 ut
703 2033 811 2092 dehita
833 2031 928 2090 laude
951 2031 1129 2091 fraudatum
1151 2032 1245 2090 velim
1269 2031 1370 2090 virum
1391 2017 1538 2104 doctum,
1561 2039 1597 2093 ul
1617 2033 1732 2092 melius
1757 2033 1798 2092 de
1820 2032 1950 2092 Catonis
1974 2035 2047 2092 ori-

375 2148 500 2222 ginibus
533 2147 682 2221 profitear
714 2147 857 2206 meritum
895 2161 972 2206 esse
1006 2149 1173 2208 neminem.
1229 2149 1276 2210 10.
1319 2147 1486 2208 Postremo
1523 2149 1685 2223 Originum
1718 2148 1869 2222 reliquias
1907 2147 2047 2220 collegit

376 2263 508 2324 Carolus
525 2263 710 2354 Ludovicus
728 2261 853 2334 Roth.*)
897 2265 1056 2322 securata
1079 2263 1207 2338 quidem
1230 2269 1282 2324 esi
1303 2279 1341 2322 ca
1365 2265 1523 2334 collectio,
1546 2263 1600 2324 vix
1621 2270 1656 2323 ut
1678 2263 1853 2339 quidquam
1876 2277 1916 2320 ex
1940 2263 2044 2321 certis

375 2379 537 2455 Originum
560 2379 703 2455 reliquiis
728 2379 908 2448 desideres,
932 2379 991 2437 scd
1012 2379 1061 2436 ita‘
1078 2379 1333 2453 compendiaria,
1361 2384 1395 2438 ut
1422 2393 1462 2440 ne
1490 2381 1589 2440 libros
1613 2379 1743 2455 quidem
1772 2379 1852 2439 satis
1877 2378 2042 2438 'distincte

376 2493 602 2569 designaverit.
647 2495 781 2554 Videtur
816 2495 992 2568 lragmcnta
1024 2509 1064 2553 ex
1093 2495 1265 2566 surrrmario
1295 2494 1428 2570 Nepotis
1456 2494 1674 2570 disposuisse.
1728 2495 1807 2570 Quid
1836 2495 1867 2552 in
1900 2495 2041 2568 singulis

376 2589 572 2685 singulorum
596 2609 748 2670 librorum
777 2610 960 2684 fragmentis
991 2610 1190 2669 collocandis
1219 2610 1429 2682 spectaverit,
1460 2627 1522 2670 non
1552 2611 1673 2686 ubique
1702 2615 1851 2686 apparel,
1880 2623 1954 2668 nam
1984 2625 2041 2668 re-

376 2727 502 2786 rissinre
540 2727 760 2785 tantummodo
795 2727 825 2784 in
861 2727 958 2785 rebus
993 2723 1045 2783 nol
1081 2725 1216 2782 mraxime
1239 2725 1343 2784 dubiis
1367 2731 1464 2800 atque
1494 2726 1643 2788 obscuris
1668 2726 1791 2785 addidit
1815 2724 2037 2783 testimonium

377 2844 457 2901 alius
482 2841 659 2916 scriptoris,
683 2847 718 2900 ut
740 2841 903 2914 indicaret,
928 2855 1022 2916 quarn
1046 2855 1112 2898 rem
1134 2840 1344 2914 significatam
1368 2855 1444 2899 esse
1467 2847 1601 2915 putaret.
1651 2839 1839 2900 Promiseue
1869 2839 1964 2897 etiarn
1997 2853 2040 2896 ea

377 2959 495 3031 posuit,
526 2925 608 3030 quae
638 2959 700 3030 ipsi
730 2963 884 3028 suspecta
914 2957 1104 3015 uidebantur
1132 2963 1162 3016 et
1191 2971 1274 3027 quae
1303 2961 1389 3013 certe
1419 2955 1458 3014 ad
1482 2955 1628 3030 Origines
1656 2955 1767 3015 relerri
1794 2969 1857 3013 aon
1882 2959 2037 3028 possunt,

378 3073 474 3132 veluti
499 3073 601 3130 streete
624 3071 701 3130 illud
726 3071 844 3129 dictum
869 3075 898 3128 cl
923 3068 957 3127 ia
980 3066 1082 3128 ltalia
1104 3074 1199 3128 atras
1222 3083 1346 3144 capras
1361 3065 1569 3128 laelealbarn
1588 3065 1711 3129 habere
1733 3085 1783 3144 ap.
1809 3067 1931 3130 Charis.
1954 3069 1977 3137 l,
2000 3083 2034 3142 p.

379 3187 437 3249 102
460 3187 538 3247 Keil.
574 3187 719 3246 Octerunr
736 3203 775 3244 nc
799 3187 870 3261 epiris
888 3186 1026 3244 numeris
1044 3183 1219 3253 liolhianiS,
1244 3197 1326 3258 quos
1345 3183 1422 3243 inira
1445 3185 1628 3258 fragmentis
1652 3185 1823 3258 adscripsi,
1847 3184 2034 3258 decipiatur,

378 3303 514 3362 monitos
540 3303 633 3358 uclirn
650 3317 718 3370 eos,
743 3302 795 3372 qui
819 3299 899 3358 hacc
917 3303 1032 3372 legent,
1051 3299 1189 3358 numeris
1211 3297 1290 3358 1-3
1315 3299 1466 3358 contineri
1486 3297 1609 3376 judicia
1625 3306 1767 3359 veterum
1784 3301 1824 3358 de
1841 3299 2035 3373 Originibus,

379 3431 508 3474 numero
533 3417 551 3472 4
576 3431 687 3473 ornnes
712 3415 917 3486 praelationis
941 3413 1103 3488 reliquias.

480 3529 526 3588 11.
565 3531 669 3602 Qurror
694 3529 787 3603 igitur
815 3528 1062 3606 haudquaquam
1091 3545 1157 3590 rem
1181 3528 1221 3586 ad
1244 3525 1337 3586 finem
1367 3529 1553 3602 perductam
1580 3545 1655 3592 esse
1676 3537 1831 3607 putarem,
1862 3535 2035 3589 retractare

380 3663 451 3706 earn
473 3645 632 3715 constitui,
657 3659 718 3704 non
744 3647 831 3719 qnod
855 3647 1077 3720 quaestionem
1094 3645 1253 3704 dilsrcilem
1271 3657 1322 3700 me
1340 3644 1561 3718 expediturum
1584 3662 1759 3721 sperarem,
1783 3648 1844 3706 sed
1865 3652 1900 3704 ut
1921 3646 2038 3704 docto-

380 3777 448 3821 runr
471 3759 633 3820 hominurn
657 3760 764 3819 studia
785 3761 897 3820 iterum
913 3763 952 3820 ed
971 3761 1181 3821 clarissimum
1199 3757 1369 3817 clarissimi
1384 3760 1551 3835 scriptoris
1575 3779 1658 3837 opus
1684 3767 1913 3822 converterem.
1957 3761 2040 3821 Pro·

323 3854 327 3863 ⁵
382 3891 497 3951 ponant
521 3881 625 3934 antem
648 3877 782 3950 primum
812 3876 901 3950 ipsas
932 3877 1095 3951 reliquias,
1125 3873 1240 3933 deinde
1269 3874 1474 3934 summarium
1498 3877 1633 3938 Cornelii
1655 3879 1789 3952 Nepotis
1813 3879 2040 3951 interpretatus

382 3991 524 4050 ordinent
546 3992 722 4050 institutum
746 3993 914 4050 delendam
946 3993 1179 4064 consiliumque
1210 3989 1338 4050 Catonis
1365 3991 1395 4048 in
1425 3989 1475 4050 his
1507 3992 1595 4052 libris
1626 3993 1806 4054 scribendis
1837 3994 1931 4068 quale
1960 3990 2040 4050 mihi

382 4107 535 4177 rideatur,
566 4074 753 4182 explicab03
788 4113 852 4166 turn
882 4109 922 4167 do
957 4107 1165 4183 inscriptione
1194 4106 1301 4179 operis
1326 4106 1499 4178 disseram,
1529 4113 1692 4180 postrema
1720 4127 1823 4186 pauca
1852 4109 1968 4170 addam
1997 4109 2042 4166 de

383 4220 521 4282 sontibus
546 4225 640 4294 atque
664 4223 851 4282 auctoritate
874 4221 1003 4284 Catonis
1027 4229 1058 4282 et
1080 4223 1121 4281 de
1143 4221 1264 4282 Statilio
1287 4221 1435 4281 Maximo.

1180 4401 1251 4505 II.

485 4603 531 4662 lle
556 4577 689 4678 primunr
706 4585 940 4678 quidcrn'ipsae
959 4603 1118 4679 Originum
1135 4601 1288 4680 reliquiae
1312 4601 1342 4660 in
1364 4616 1436 4660 cum
1461 4597 1602 4662 ordinem
1626 4605 1700 4662 sunt
1715 4601 1919 4677 redigendae,
1944 4617 2039 4678 quern

386 4719 462 4778 Caio
486 4724 618 4780 secutus
642 4735 717 4778 esse
739 4719 873 4777 videtur.
917 4724 1023 4792 Atque
1046 4725 1080 4778 ut
1094 4734 1156 4778 uno
1174 4721 1331 4794 adspectu
1347 4723 1446 4777 talum
1463 4717 1573 4777 liceret
1587 4721 1756 4779 aestimare
1772 4736 1865 4794 opus,
1887 4719 2038 4784 rationes,

388 4835 503 4908 quibus
527 4835 567 4893 ad
588 4832 673 4912 hqne
697 4834 901 4908 potissimum
924 4835 1067 4894 ordinem
1089 4833 1318 4893 instituendum
1341 4832 1500 4893 adductus
1524 4849 1611 4908 sum,
1634 4835 1773 4911 integras
1798 4836 1838 4894 ud
1861 4835 2037 4910 insequens

385 4977 636 4990 -ι-α-ι--ι-ι-α-ι

488 5061 512 5125 ·)
530 5059 725 5111 Historicornm
742 5067 856 5110 veterum
873 5059 1053 5112 Romanorum
1069 5059 1201 5140 reliquiae
1217 5074 1234 5110 a
1251 5057 1312 5112 Car.
1330 5059 1397 5112 Led.
1416 5059 1487 5114 Roth
1506 5061 1636 5114 collectae
1653 5070 1679 5113 et
1699 5063 1854 5127 dispositae.
1890 5061 2037 5127 Adjunetac

388 5162 499 5214 Salustii
517 5160 649 5225 operibus,
668 5174 735 5224 qnae
754 5160 831 5209 tertio
851 5160 936 5209 edidit
953 5159 996 5210 Fr.
1013 5159 1080 5210 Dor.
1100 5158 1214 5210 Gerlach
1248 5157 1366 5212 Basilius
1385 5160 1459 5214 1853.
