4342 5970
1200 641 1241 703 36

403 844 615 906 Romanorum
644 841 739 902 rebus
768 843 884 917 gestis,
915 841 1113 900 insecundo
1137 841 1414 912 ettertiomnlta,
1442 856 1525 918 quae
1551 857 1615 902 non
1642 849 1792 918 spectant
1822 843 1864 901 ad
1895 841 2056 916 Origines
2145 899 2146 912 2

405 960 566 1019 civitatum
593 958 779 1030 Italicarum,
808 959 868 1019 sed
890 958 1071 1017 advitam
1094 973 1137 1018 ac
1160 955 1436 1032 disciplinam,
1457 959 1500 1018 ad
1516 958 1583 1034 jns,
1605 957 1682 1037 quin
1703 959 1798 1017 ctiam
1819 959 2058 1032 adcaprarum
2145 983 2146 1038 7

403 1055 605 1134 velocitatem
624 1075 737 1151 rcqu.,
753 1075 812 1136 scd
828 1074 911 1134 haec
925 1073 957 1134 in
978 1073 1150 1134 summario
1165 1073 1306 1134 notanda
1319 1091 1384 1136 non
1399 1075 1597 1134 videbantur.
1635 1077 1736 1150 Quum
1750 1089 1828 1134 vero
1843 1073 2059 1149 scripsisset,

405 1193 436 1250 in
458 1198 570 1266 quarto
592 1192 672 1252 libro
695 1191 813 1250 bellum
834 1189 987 1249 Punicmu
1009 1189 1118 1248 inesse
1140 1188 1291 1264 primum,
1320 1189 1351 1249 in
1373 1190 1482 1265 quinto
1504 1191 1698 1260 secundum,
1720 1195 1786 1248 tum
1807 1188 2059 1265 persentiscere

405 1307 513 1383 coepit
531 1323 594 1367 non
615 1306 696 1366 hacc
719 1322 795 1367 esse
817 1306 988 1366 summaria
1008 1303 1170 1376 librorum,
1193 1306 1280 1380 quod
1301 1321 1365 1366 non
1389 1305 1479 1381 J'usta
1499 1305 1624 1366 illorum
1645 1307 1802 1366 bellorum
1822 1305 1984 1366 memoria
2005 1302 2059 1362 in-

405 1429 496 1486 esset
520 1424 551 1483 in
576 1422 628 1483 his
656 1423 762 1498 libris3
792 1429 824 1482 et
851 1423 879 1484 si
907 1423 979 1498 quis
1002 1422 1046 1480 ita
1066 1423 1237 1482 summaria
1262 1421 1449 1493 conticeret,
1472 1421 1502 1482 ei
1530 1423 1752 1483 excusandum
1776 1437 1854 1484 esse
1878 1419 2058 1483 brevitatis

405 1541 554 1615 studium,
577 1555 617 1598 ne
634 1531 801 1618 [charius
821 1541 1058 1620 opumscerctm·
1077 1542 1136 1598 cut
1155 1535 1294 1600 mendox
1315 1533 1494 1600 uideram
1537 1539 1596 1600 llis
1611 1538 1798 1615 praemissis
1815 1539 1883 1616 jam
1897 1537 1941 1598 ad
1955 1537 2059 1612 ipsas

404 1656 518 1718 horum
538 1657 689 1718 librorum
712 1655 863 1730 reliquias
885 1661 1096 1716 transeamus.

446 1774 475 1836 8.
506 1775 548 1835 ln
576 1779 720 1850 quarto
746 1779 875 1832 autem
901 1772 1048 1832 bellum
1068 1771 1284 1832 Poenicum
1305 1769 1469 1848 primum
1491 1763 1757 1846 (persecutas
1780 1771 1871 1846 est).
1913 1768 2056 1834 Profici-
2145 1803 2146 1826 2

407 1891 562 1954 scendum
586 1895 638 1948 est
658 1887 721 1947 hoc
744 1887 819 1948 loco
841 1903 862 1946 a
882 1887 1082 1964 fragmentis,
1110 1888 1227 1964 quibus
1251 1893 1369 1948 certam
1390 1887 1503 1948 sedem
1524 1887 1693 1964 assignare
1712 1890 1882 1953 noluimus.
1924 1888 1988 1963 bg.
2014 1883 2058 1946 92

406 2005 623 2068 auctoritatem
646 2001 794 2064 codicum
817 2004 921 2065 secuti
942 2019 984 2064 ex
1004 2005 1086 2066 libro
1108 2005 1253 2066 secundo
1269 2004 1486 2066 transtulimus
1502 2003 1534 2062 in
1547 2011 1703 2080 quartum,
1726 2019 1919 2083 quamquam
1936 2003 1968 2065 si
1982 2018 2057 2063 rem

406 2127 592 2200 spectamus
615 2135 695 2182 sanc
717 2121 897 2192 obscuram,
920 2121 1055 2181 secundi
1076 2121 1195 2196 potius,
1218 2136 1313 2197 quam
1334 2121 1436 2200 quarti
1456 2121 1558 2180 luisse
1581 2121 1680 2182 videri
1696 2123 1811 2198 possit
1852 2121 1920 2182 Nec
1933 2121 1997 2195 lrg.
2013 2115 2053 2179 91

407 2255 470 2317 quo
490 2239 665 2299 referamus
687 2236 861 2310 habemus,
883 2237 958 2297 item
978 2238 1157 2314 wigonem
1180 2253 1237 2297 cur
1250 2236 1334 2300 Roth
1355 2237 1440 2298 illam
1461 2237 1664 2314 potissimum
1685 2238 1798 2299 sedem
1819 2237 1849 2297 ei
1869 2237 2055 2312 tragmcnto

407 2355 558 2428 tribuerit,
580 2371 643 2415 non
666 2361 807 2430 apparet
850 2355 985 2415 Restant
1004 2353 1098 2430 igitur
1118 2355 1174 2428 trg.
1197 2353 1329 2416 87-96.
1370 2357 1478 2432 Atque
1499 2355 1558 2432 irg.
1571 2353 1623 2427 90,
1646 2367 1710 2429 quo
1734 2355 1950 2430 depugnatum
1972 2365 2055 2412 esse

407 2472 521 2533 dicitur
540 2487 599 2546 pro
614 2471 729 2533 castris
751 2472 771 2530 i.
788 2486 827 2540 e.,
849 2475 885 2530 ut
906 2471 1026 2532 Gellius
1048 2470 1197 2546 explicat,
1218 2472 1260 2531 ad
1282 2477 1389 2533 castra
1407 2472 1536 2545 menda,
1557 2471 1720 2546 Wagencr
1739 2467 1876 2531 laudatis
1896 2468 2055 2532 Frontino

408 2595 536 2663 strateg.
559 2587 595 2660 ll,
620 2585 648 2658 1,
669 2587 690 2647 4
718 2593 750 2646 et
775 2587 900 2647 Zonara
924 2587 1003 2660 Vlll,
1028 2588 1066 2649 10
1094 2589 1136 2647 ad
1161 2602 1301 2663 pugnam
1321 2587 1561 2664 Agrigentinum
1586 2587 1697 2662 relert;
1730 2591 1763 2646 at
1789 2586 1922 2662 saepius
1947 2585 1982 2644 in
2012 2597 2053 2643 co

407 2705 493 2766 bello
516 2719 574 2782 pro
598 2701 713 2764 castris
736 2707 788 2762 est
808 2707 981 2778 pugnaturn
1003 2701 1056 2777 (ct
1078 2703 1192 2778 Polyb.
1215 2704 1238 2775 l,
1259 2701 1323 2777 3⁰).
1365 2704 1442 2763 ltem
1463 2705 1520 2779 ng.
1543 2701 1584 2765 87
1610 2703 1680 2764 malt
1705 2717 1781 2764 esse
1808 2717 1848 2762 ex
1870 2718 1909 2762 ea
1930 2714 2055 2778 pugna,

409 2837 473 2897 qua
493 2816 696 2895 Xanthippus
724 2817 800 2878 vicit
826 2819 999 2894 Regulum,
1031 2819 1063 2878 in
1091 2832 1155 2895 qua
1181 2834 1260 2880 sanc
1289 2819 1418 2895 quidem
1445 2835 1563 2895 magna
1588 2825 1655 2880 erat
1680 2817 1780 2880 uirbis
1808 2817 2057 2894 elephantorum

410 2937 574 3012 (Polybi,
589 2931 653 3008 34),
676 2933 737 2995 sed
753 2934 839 3010 quod
855 2949 1027 3010 numquam
1049 2935 1115 2994 lere
1138 2950 1177 2996 co
1200 2935 1285 2996 bello
1308 2951 1420 2998 manus
1443 2934 1783 2998 conserueruntPoeni
1798 2948 1870 2994 cum
1884 2932 2055 3003 Romanis,

410 3053 470 3114 nisi
493 3050 643 3112 adhibitis
666 3048 856 3125 elephantis,
878 3065 942 3109 non
958 3055 1018 3122 est,
1041 3065 1098 3111 cur
1112 3049 1195 3111 banc
1210 3065 1349 3126 pugnam
1364 3053 1551 3113 necessario
1567 3049 1776 3127 significatam
1791 3065 1868 3112 esse
1880 3055 2054 3126 putemus3

410 3170 495 3230 idem
517 3169 558 3230 de
569 3168 625 3244 og.
639 3165 679 3230 89
691 3165 897 3244 Judicandum
917 3165 982 3224 crit
1005 3165 1173 3244 Reliquum
1185 3167 1339 3242 igiturest
1349 3183 1390 3226 cx
1407 3183 1447 3228 eo
1460 3182 1591 3229 numero
1605 3168 1662 3243 lrg.
1678 3163 1728 3238 88,
1745 3182 1808 3242 quo
1824 3159 2054 3247 dictatorjur·

409 3281 503 3358 rr'sec,
517 3281 640 3346 dicitur
649 3280 839 3364 mopmtram
852 3278 991 3357 equitnm
1007 3281 1134 3344 arcessi
1140 3287 1177 3344 at
1187 3298 1256 3344 mem
1267 3281 1410 3344 mitteret
1424 3299 1494 3344 cam
1505 3279 1675 3366 equitibus.
1698 3275 1766 3344 Sed
1777 3297 1854 3344 sero
1868 3285 1929 3356 ert,
1942 3277 2055 3368 inquil

411 3397 567 3482 magister
581 3397 733 3483 equitum,
743 3393 813 3478 jum
832 3393 1006 3459 rescivere.
1043 3399 1170 3460 Habent
1190 3415 1251 3459 sua
1265 3400 1330 3460 lata
1344 3399 1438 3460 etiam
1454 3400 1637 3476 fragmenta
1671 3401 1770 3462 Recte
1789 3400 1830 3460 ab
1845 3401 1995 3462 omnibus
2012 3413 2054 3458 ex

413 3531 538 3578 summo
554 3515 701 3576 codicum
714 3530 877 3576 consensu
892 3515 1089 3590 adscriptum
1104 3520 1156 3574 cst
1168 3513 1375 3591 fragmentum
1388 3517 1469 3576 libro
1485 3521 1607 3593 quarto.
1635 3515 1699 3577 Sed
1709 3515 1776 3592 J'am
1786 3515 1910 3592 Popma
1920 3515 2051 3591 (iliceo-

413 3635 518 3696 bonus
535 3629 611 3692 nibil
623 3631 685 3690 talc
708 3630 877 3706 commisit)
902 3631 1086 3708 composuit
1105 3628 1190 3691 hunc
1213 3631 1320 3692 locum
1341 3647 1414 3692 cum
1435 3631 1493 3707 lrg.
1508 3631 1559 3705 96,
1579 3632 1658 3694 Lion
1673 3633 1766 3693 locos
1783 3631 1903 3694 fortiter
1917 3635 2051 3711 conglo-

413 3749 510 3822 bavit,
522 3749 684 3824 Wagencr
695 3762 757 3805 non
771 3747 875 3808 solum
888 3747 1088 3822 approbavit,
1108 3749 1168 3808 sed
1186 3746 1325 3808 etiamid
1339 3748 1426 3824 quod
1441 3763 1647 3824 consequens
1664 3753 1715 3810 est
1725 3753 1826 3810 ratum
1839 3747 1959 3812 habuit.
1996 3749 2049 3812 Sic

414 3865 496 3926 enim
510 3865 575 3926 lere
587 3863 765 3924 concludit:
790 3863 880 3940 Quod
892 3864 948 3940 lrg.
965 3861 1005 3924 96
1017 3868 1144 3938 spectat
1157 3863 1197 3922 ad
1209 3879 1257 3936 ea,
1274 3879 1357 3941 quac
1369 3869 1446 3940 post
1459 3881 1598 3940 pugnam
1612 3865 1812 3928 Cannensem
1827 3865 1909 3926 lacta
1924 3873 2001 3928 sunt
2020 3871 2051 3926 et

415 3981 601 4044 necessario
625 3979 882 4055 conjungendum
904 3983 955 4040 est
969 3993 1041 4038 cum
1063 3979 1119 4054 irg.
1135 3977 1185 4052 88,
1208 3981 1296 4056 quod
1318 3995 1358 4040 ex
1379 3986 1490 4057 quarto
1512 3981 1614 4042 luisse
1635 3981 1715 4043 libro
1732 3987 1872 4054 constat,
1895 3987 2050 4060 sequitur,
2145 3959 2146 3990 ¹

415 4105 451 4158 ut
472 4098 565 4159 etiam
587 4098 643 4172 lrg.
666 4095 706 4158 96
729 4113 770 4156 ex
796 4102 908 4170 quarto
928 4095 1009 4156 libro
1036 4095 1092 4156 sit:
1124 4111 1200 4171 crgo
1224 4112 1263 4156 co
1285 4097 1365 4156 libro
1387 4113 1449 4158 non
1473 4098 1571 4158 modo
1591 4097 1726 4174 primum
1746 4097 1864 4158 bellum
1885 4098 2049 4174 Punicum,

415 4231 526 4276 verum
549 4213 641 4274 ctiam
665 4213 842 4274 secundum
863 4213 980 4273 bellum
995 4213 1155 4289 usquead
1170 4228 1309 4289 pugnam
1331 4212 1444 4273 saltem
1461 4212 1660 4275 Cannensem
1675 4219 1865 4290 persecutus
1888 4221 1938 4278 est
1953 4216 2049 4292 Gat03
2145 4283 2146 4286 ,

417 4333 532 4394 lallitm
552 4329 645 4406 igitur
666 4329 786 4408 Nepos.
829 4329 895 4390 Nos
925 4329 1053 4404 quidem
1076 4329 1123 4388 sic
1147 4329 1383 4390 concludimus:
1408 4329 1496 4404 quod
1514 4329 1625 4406 Nepos
1646 4331 1677 4391 in
1700 4337 1812 4405 quarto
1832 4331 1913 4394 libro
1932 4334 2049 4396 bellurn
2145 4293 2146 4340 ἒ

417 4451 565 4526 primurn,
589 4447 620 4506 in
644 4447 753 4524 quinto
777 4446 954 4506 secundum
982 4451 1188 4521 persecutum
1210 4461 1287 4506 esse
1309 4445 1385 4506 dicit
1407 4445 1574 4520 Catonem,
1597 4446 1653 4522 lrg.
1675 4445 1732 4519 96,
1755 4447 1842 4523 quod
1862 4454 1914 4510 est
1933 4465 1974 4512 cx
1996 4467 2049 4514 se-

420 4565 524 4626 cando
547 4564 643 4636 bello,
665 4579 728 4624 non
751 4567 860 4638 potest
880 4561 1030 4638 conjungi
1053 4577 1123 4622 cum
1145 4563 1202 4640 lrg.
1225 4561 1274 4625 88.
1319 4563 1411 4638 Quod
1433 4577 1528 4638 quam
1550 4567 1637 4622 recte
1659 4577 1696 4623 se
1717 4560 1844 4638 habeat,
1864 4565 1970 4642 ipsum
1991 4570 2049 4643 lrg.

420 4680 537 4742 docere
559 4679 692 4740 videtur.
736 4679 814 4740 Nam
836 4695 932 4755 quum
954 4694 1012 4754 per
1032 4678 1166 4754 primum
1187 4678 1305 4740 bellum
1326 4677 1480 4740 Punicum
1493 4678 1645 4740 Romanis
1668 4679 1858 4742 exercitibus
1879 4681 2049 4744 dictatores

420 4811 591 4871 numquam
623 4795 828 4870 praefuerint,
857 4765 985 4855 Poenus
1015 4801 1100 4854 certe
1128 4799 1195 4854 erat
1222 4794 1372 4867 dictator,
1407 4795 1461 4870 qui
1489 4795 1673 4870 magistrum
1702 4795 1841 4883 equitum
1868 4799 2049 4864 accessivit.

419 4912 574 4976 Hannibal
596 4917 700 4972 autem
723 4925 782 4971 noc
803 4913 894 4973 solus
917 4927 976 4972 nec
999 4911 1119 4988 primus
1143 4915 1210 4970 erat
1230 4911 1367 4971 dictator
1386 4909 1673 4988 carthaginiensis3
1695 4912 1736 4972 ad
1759 4927 1853 4988 quam
1873 4929 1940 4975 rem
1962 4931 2049 4978 com·

420 5029 618 5109 probandam
640 5045 778 5091 necesse
801 5046 863 5091 non
886 5032 936 5090 cst
957 5030 998 5090 ad
1019 5027 1215 5090 reconditam
1237 5044 1298 5090 nos
1322 5027 1522 5089 descendere
1536 5028 1720 5090 doctrinam.
1762 5029 1968 5092 Notissimum
1990 5037 2048 5105 est,

421 5163 484 5224 qua
505 5145 634 5208 levitae
655 5145 706 5206 usi
728 5147 859 5208 Romani
889 5163 948 5208 sua
970 5147 1110 5210 instituta
1131 5147 1172 5208 ad
1193 5147 1273 5210 alias
1297 5151 1408 5224 gentes
1429 5144 1659 5218 tanstulerint,
1680 5151 1715 5207 ut
1735 5147 1846 5210 muum
1867 5145 1967 5209 videri
1986 5163 2048 5210 non
