4334 5976
929 686 972 747 ts

110 899 152 945 ex
176 885 287 957 Gellio,
308 893 344 944 ul
365 883 499 956 videtur,
522 829 892 960 transfsenpsltttmmn
911 889 1140 946 nummum]
1169 897 1199 958 p.
1226 882 1309 957 127.)
1343 877 1452 944 hostes
1475 841 1631 961 profecto
1654 877 1713 944 uli
1731 879 1769 946 id

110 997 267 1074 uiderint,
285 993 490 1078 fortissimus
511 997 649 1082 quisque
670 1004 701 1064 el
719 997 983 1082 promptissimus
1004 997 1050 1060 od
1071 996 1308 1060 occtlrsondnm
1333 996 1611 1081 pupnandumqne
1638 998 1677 1058 in
1700 1017 1768 1061 eos

107 1120 369 1195 praevertentur·
380 1132 510 1202 unoque
523 1113 583 1179 illo
595 1113 727 1196 negotio
741 1132 811 1178 sese
824 1113 1021 1200 allipclrnnt,
1033 1121 1133 1200 alque
1140 1113 1194 1176 illi
1207 1131 1315 1176 onmes
1327 1111 1562 1196 quadrinpenti
1571 1110 1694 1196 procul
1705 1113 1766 1176 du·

111 1227 166 1292 bio
182 1227 480 1293 obtruncabantur.
512 1225 604 1291 Tunc
617 1228 746 1292 interea
760 1229 976 1312 occupatisin
992 1249 1032 1294 ea
1046 1229 1148 1294 caede
1160 1227 1308 1292 hostilius
1330 1235 1455 1306 terripas
1474 1229 1637 1290 encre-itus
1651 1249 1691 1292 cu
1704 1227 1766 1290 lroc

111 1345 186 1408 loco
194 1343 356 1409 educendi
362 1343 505 1408 hebebis.
524 1344 602 1408 Alia
615 1342 682 1407 nisi
691 1342 1123 1410 lraecsolutisuianulloest.
1140 1343 1262 1408 Corrsul
1270 1343 1767 1425 tribunorespondt't,consiliunt

111 1457 240 1544 quidem
254 1457 344 1522 istud
354 1479 458 1545 aeque
467 1458 651 1541 providens
663 1455 904 1536 siliarum-ten
920 1461 1079 1535 seductos,
1095 1461 1213 1546 inquil,
1230 1461 1348 1523 rrrilitcs
1359 1459 1619 1544 quadrinpcntos
1634 1457 1680 1522 u'd
1696 1475 1765 1522 eum

110 1569 256 1638 tocumin
271 1572 411 1638 hostium
423 1593 542 1640 cuneos
556 1573 705 1660 quisnam
720 1575 795 1652 erit,
807 1578 866 1660 qui
874 1576 999 1640 ducat?
1019 1573 1058 1640 Si
1069 1576 1293 1661 atium‚inquit
1308 1575 1468 1670 tritorum,
1480 1571 1634 1644 nerninem
1645 1592 1765 1658 reppe-

109 1689 169 1767 ris,
191 1709 240 1752 me
262 1690 338 1754 licet
360 1689 406 1754 nd
427 1687 489 1754 leuc
508 1689 692 1774 periculum
714 1697 830 1764 utare,·
853 1709 913 1776 epo
936 1691 1020 1756 derne
1042 1692 1106 1756 titt
1126 1700 1157 1756 el
1171 1689 1378 1774 reipublicae
1392 1691 1532 1753 animam
1549 1689 1600 1754 do.
1645 1689 1767 1754 Curmul

109 1801 246 1868 trillano
264 1801 398 1890 pretias
420 1805 598 1890 laudesque
619 1805 699 1894 opit.
745 1777 910 1869 Tribunus
923 1814 954 1871 ct
969 1809 1204 1893 quadrinpenli
1216 1807 1262 1872 ad
1276 1805 1479 1870 moriundum
1499 1802 1764 1888 proficiscuntur.

108 1921 231 1984 Hostes
255 1899 563 1986 eorurnandacinm
590 1921 807 1998 dernirualur,
829 1941 983 2008 procusum
1002 1925 1054 1988 ire
1078 1930 1222 2010 perpotet
1256 1923 1291 1986 in
1320 1921 1542 2004 exspectando
1569 1927 1653 1984 sunl.
1697 1917 1765 1983 Sed

107 2035 167 2098 uhi
188 2035 363 2118 apparuit,
388 2055 443 2099 eos
464 2036 510 2100 od
531 2033 632 2124 catull)
654 2054 828 2100 vmuucam
844 2038 1070 2120 occupandam
1090 2039 1156 2102 iter·
1176 2038 1356 2116 intendere,
1376 2037 1475 2100 mittit
1496 2035 1668 2101 actuosum
1689 2033 1765 2098 illos

106 2151 292 2232 imperator
315 2149 608 2234 Karllrapiniensis
627 2152 813 2235 peditatum
835 2155 1090 2240 equitatumque,
1112 2175 1195 2240 quos
1215 2156 1250 2218 in
1265 2154 1411 2220 exercitu
1432 2154 1524 2218 ciros
1545 2147 1660 2216 lruhnit
1681 2157 1763 2214 stre·

105 2266 288 2329 artissimos.
332 2267 476 2330 llomani
494 2267 612 2332 milites
643 2241 951 2346 circurnuetn'nnlnr,
979 2271 1194 2336 circumuenti.
1216 2249 1424 2353 repupnnnt,·
1452 2267 1490 2354 fit
1515 2268 1678 2350 proellum
1706 2265 1764 2328 din

107 2401 239 2463 anceps.
286 2381 428 2446 Tandem
456 2391 594 2466 superat
622 2383 803 2450 trrnlliludo.
860 2385 1108 2474 Quadrinpente'
1132 2406 1239 2450 ornnes
1273 2405 1343 2450 cum
1372 2403 1437 2446 uuo
1466 2379 1617 2465 perfossi
1638 2377 1764 2468 plodiis

107 2505 165 2561 nul
187 2497 362 2561 rnr‘ssr'libns
383 2500 500 2580 operti
519 2497 650 2564 cadunt.
695 2499 816 2564 Consul
836 2501 964 2564 tulmim
987 2502 1061 2564 dnrn
1081 2502 1132 2565 ihi
1149 2511 1332 2588 pugnatur,
1353 2521 1388 2564 se
1411 2502 1445 2562 in
1459 2503 1550 2564 locos
1563 2506 1650 2562 tulus
1664 2479 1763 2580 alrjue

107 2613 215 2676 editos
234 2612 396 2678 subducit.
441 2617 509 2678 tam
537 2633 600 2678 non
625 2618 712 2689 sum,
737 2621 797 2679 sed
822 2615 951 2680 Catonis
974 2621 1082 2682 verbis
1113 2622 1216 2696 pergit
1245 2622 1381 2680 Gellius:
1425 2620 1485 2679 Dii
1514 2617 1761 2677 immortales

109 2731 272 2790 tribuno
296 2733 464 2790 militum
487 2733 685 2792 torturum
708 2749 752 2792 cx
775 2735 920 2794 virtute
942 2731 1028 2811 ejus
1053 2737 1258 2796 dederunt.
1302 2737 1390 2796 Nom
1419 2737 1473 2794 ito
1502 2733 1652 2794 evenit:
1679 2747 1762 2790 cum

108 2845 277 2904 saucius
301 2846 558 2906 multifariam
581 2848 634 2908 ibi
657 2849 787 2910 iactus
813 2855 941 2922 esset,
969 2855 1101 2910 tamen
1124 2853 1269 2912 vulnus
1295 2851 1419 2926 capiti
1449 2851 1596 2908 nullum
1626 2847 1763 2906 evenit

108 2977 275 3036 euntque
299 2963 619 3036 intermortuos,
649 2965 910 3038 del‘eligatum
937 2967 1172 3024 vulneribus
1197 2973 1315 3040 atquc
1339 2967 1447 3038 (laed
1470 2981 1649 3038 sanguen
1674 2963 1760 3036 ejus

107 3077 357 3148 defluxerat,
381 3084 665 3152 cognoverunt.
708 3079 798 3141 Eum
823 3082 1029 3140 sustulere
1060 3080 1175 3156 isque
1205 3080 1413 3139 convaluit
1439 3051 1640 3156 saepeque
1669 3082 1764 3151 post

106 3193 213 3250 illum
237 3208 395 3268 operam
419 3194 674 3268 reipublicae
698 3193 844 3259 lortenr
866 3201 987 3270 atque
1011 3201 1212 3255 strenuam
1237 3195 1444 3270 perhibuit
1465 3196 1616 3272 illoque
1640 3196 1759 3262 laeto,

107 3307 214 3380 quod
238 3309 337 3368 illos
360 3309 506 3370 milites
531 3309 744 3382 suhduxit,
769 3309 988 3373 exercitum
1012 3311 1392 3370 ceterumserrurlt.
1413 3310 1759 3386 ,Sedidcmhcue-

107 3423 256 3484 lactum
281 3424 532 3500 quoinloco
557 3441 703 3502 pernas,
735 3425 896 3484 nimium
926 3426 1108 3488 interest.
1157 3428 1360 3488 Leonidas
1388 3426 1593 3504 Laco'qui
1631 3423 1759 3486 sirtille
1792 3447 1798 3464 ι
1855 3465 1859 3470 .

28 3549 35 3554 ·
107 3539 209 3612 apud
244 3521 543 3616 Thermopylas
573 3542 686 3614 lecit,
716 3547 884 3617 propter
912 3540 996 3616 ejus
1030 3543 1207 3603 virtutes
1239 3545 1364 3603 ominis
1396 3544 1565 3603 Graecia
1595 3541 1759 3618 gloriam

108 3662 226 3728 :itque
256 3656 421 3730 gratiam
450 3657 702 3732 praeeipuam
734 3655 997 3716 claritudinis
1028 3657 1318 3719 inclitissimae
1347 3660 1601 3720 decoravere
1629 3672 1757 3716 trionu-

108 3771 270 3842 mentis‚
293 3771 445 3845 siguis,
468 3771 639 3847 statuis;
669 3773 834 3847 elogiis,
863 3771 1050 3832 historiis
1074 3775 1248 3849 aliisque
1271 3777 1390 3836 rehus
1416 3775 1691 3850 gratissimum
1714 3769 1755 3828 id
1843 3839 1846 3856 Ι

108 3868 363 3960 θμιεἸαοΙυιη
386 3884 573 3947 habuere.
616 3887 846 3946 Attrihuno
875 3887 1043 3949 militum
1078 3905 1200 3966 parva
1226 3890 1315 3950 laus
1345 3909 1414 3968 pro
1444 3892 1564 3950 luctis
1599 3887 1755 3954 relicta,

109 4001 174 4076 qui
197 4001 299 4061 idem
324 4002 476 4060 iecerat
502 4007 621 4076 atque
648 4017 726 4061 rem
754 4011 1008 4064 servaverat.
1060 4005 1137 4066 Cato
1161 4006 1248 4066 libris
1279 4005 1432 4082 originum
1462 4023 1512 4082 ap.
1542 4006 1619 4064 Gell.
1651 4004 1697 4066 ΙΙΙ,
1728 4001 1754 4058 Ι.

108 4115 172 4187 (W.
197 4115 246 4177 80.
269 4117 304 4176 R.
329 4115 394 4190 83.)
437 4117 536 4176 Etiam
561 4133 675 4176 nomen
699 4117 814 4177 tribuni
837 4119 1057 4195 adscripsisse
1080 4121 1206 4180 videtur
1228 4121 1305 4182 Cata
1330 4123 1363 4197 Q.
1388 4121 1536 4182 Caedicii.

149 4231 199 4292 ss.
229 4201 414 4307 Drepana
436 4233 513 4293 esto
537 4234 699 4308 pluraliter
720 4249 770 4308 ap.
795 4231 884 4292 serv.
907 4237 987 4312 Aen.
1009 4238 1058 4308 ur,
1084 4237 1152 4297 mr.
1177 4235 1224 4310 (a.
1248 4236 1311 4311 ss.)
1454 4307 1457 4312 .

150 4345 199 4408 so.
232 4345 384 4406 Deinde
407 4349 739 4410 duodevicesimo
762 4365 866 4412 anno
897 4357 994 4426 post
1020 4352 1228 4414 dimissum
1257 4355 1422 4423 bellurn,
1454 4351 1560 4424 quod
1589 4355 1757 4424 quatuor

108 4469 145 4521 et
165 4463 308 4537 viginti
332 4478 456 4523 annos
479 4465 568 4536 luit,
592 4465 942 4540 Carthaginiensis
966 4474 1122 4527 sextum
1145 4468 1191 4526 de
1214 4469 1632 4528 loederedecessere.
1678 4462 1758 4522 Cato

107 4580 136 4636 ln
162 4585 274 4652 quarto
298 4577 459 4652 Originum
482 4593 531 4654 ap.
557 4581 636 4640 Non.
659 4597 690 4640 v.
712 4581 983 4642 Duodevicesimo
1006 4598 1036 4658 p.
1050 4583 1099 4642 70.
1145 4582 1507 4657 Carthaginienses
1532 4585 1684 4640 sextum
1708 4579 1756 4636 de

108 4694 271 4752 loedere
295 4694 524 4754 decessere.
570 4695 647 4756 Cato
672 4703 783 4772 quarta
806 4697 932 4773 Origine
955 4713 1005 4774 ap.
1030 4701 1108 4759 Geli.
1129 4697 1167 4770 X,
1190 4699 1209 4771 Ι,
1237 4700 1264 4757 7.
1310 4696 1374 4770 (W.
1398 4695 1447 4759 st.
1471 4697 1505 4758 R.
1529 4693 1592 4768 88.)

205 4833 316 4932 dilect
334 4873 368 4920 od
386 4887 444 4922 enm
463 4887 496 4922 ex
513 4887 573 4922 meo
590 4875 668 4938 conj„
685 4875 755 4940 vulg.
775 4875 810 4929 nd
837 4877 955 4928 eandem.
1001 4876 1056 4928 Sed
1080 4878 1115 4928 ad
1132 4877 1208 4927 deest
1231 4879 1258 4926 in
1277 4876 1363 4929 Codd.
1383 4875 1656 4929 Guelferb.1dncoln.
1675 4875 1752 4938 Reg.‚

107 4971 180 5018 uncis
197 4969 304 5018 inclusit
318 4969 407 5022 Herio.
441 4971 473 5022 In
490 4973 550 5023 cod.
569 4973 738 5027 Roltendorl'.
756 4975 848 5026 eadent
865 4989 942 5036 vern,
962 4975 1078 5027 Gronov.
1098 4978 1130 5041 ej.
1150 4978 1185 5027 sd
1202 4991 1261 5026 eam
1278 4991 1344 5027 verr.

208 5067 250 5124 etl)
267 5066 490 5121 Duodericesimo
509 5072 597 5132 codd3
616 5072 823 5123 duoetviceslmo
847 5075 879 5137 cj.
897 5073 977 5126 Roth.
996 5075 1140 5140 Utramque
1156 5076 1440 5140 lomomenndemsp.
1458 5075 1573 5126 Nonium
1589 5074 1685 5124 habere
1702 5072 1754 5120 vim

108 5168 268 5218 asseveravit
277 5165 355 5218 Bollr.
373 5169 441 5222 Mihi
449 5186 501 5221 non
513 5169 625 5234 librarii,
636 5171 683 5222 sed
692 5171 776 5236 ipsine
785 5173 866 5224 Nonii
876 5185 951 5224 error
960 5174 1186 5228 summoueretur.
1196 5205 1228 5218 «-
1239 5177 1417 5243 demeres-001.
1426 5177 1664 5240 ltere.‚docemero
1673 5171 1751 5223 codd.
