4334 5976
390 801 530 870 referret,
553 794 614 856 nisi
636 793 838 870 priore-loca
861 791 1057 858 addidisset:
1083 789 1191 871 Quam
1211 789 1256 856 ab
1276 793 1358 866 reta,
1380 787 1495 854 ari-ille
1513 787 1656 866 cordat,
1677 789 1728 856 itu
1747 770 1834 857 aune
1853 808 1927 856 raca
1948 811 2045 876 repe-

392 919 439 975 tet
461 912 573 974 oratio
592 907 717 990 populi
736 906 906 993 cripinent.
1926 983 1932 996 ι

491 1029 538 1088 Ex
560 1029 717 1086 Varrone:
756 1025 785 1084 d.
808 1027 846 1085 In
867 1024 1138 1099 ltaliassnsalita
1154 1025 1192 1100 cj.
1209 1023 1344 1100 Pnpma)
1360 1023 1395 1082 in
1420 1023 1586 1084 scrobes
1610 1019 1833 1099 (ailnsubrei)
1856 1031 1964 1086 terna
1988 1034 2048 1086 at-

393 1161 466 1222 que
489 1149 680 1219 quaterna
702 1141 822 1200 miliia
844 1141 949 1200 autin
981 1141 1034 1214 (ul.
1058 1141 1169 1214 Gallia,
1189 1139 1304 1215 Popm.
1329 1131 1422 1218 Galli)
1451 1138 1645 1198 succidia.
1689 1139 1794 1200 Vere
1813 1139 1876 1214 'iai
1899 1143 2050 1203 succidia

391 1257 535 1332 habere.)
580 1259 652 1319 Sus
683 1271 808 1333 usque
844 1257 943 1316 adeo
979 1255 1255 1332 pinguitudine
1291 1267 1478 1316 crescere
1508 1261 1625 1328 soret,
1661 1259 1701 1316 ut
1735 1271 1777 1316 se
1808 1255 1895 1332 ipsa
1930 1234 2049 1319 stans

393 1375 591 1436 sustinere
614 1389 687 1433 non
710 1372 848 1450 possit
869 1385 995 1446 neque
1016 1372 1202 1447 progredi
1224 1384 1400 1447 usquam.
1443 1371 1577 1445 ltaque
1603 1384 1671 1430 eas
1703 1371 1848 1447 siquis
1872 1387 1950 1447 quo
1972 1379 2049 1434 tra·

388 1493 513 1566 jicere
540 1489 639 1560 vuit,
669 1489 705 1548 in
738 1489 933 1562 plostrum
963 1473 1136 1560 imponit.
1180 1484 1387 1558 narrt,
1411 1482 1460 1544 11.
1484 1483 1609 1578 (iuvi,
1634 1483 1717 1558 111).
1761 1486 1808 1546 Ne
1830 1485 1893 1547 hoc
1917 1488 2049 1564 quidem

392 1609 449 1682 ing.
473 1607 569 1681 plane
591 1604 728 1664 alienum
752 1607 804 1663 est
825 1603 865 1662 ab
888 1600 1073 1676 originibus.
1098 1599 1150 1676 (ci.
1174 1602 1231 1676 ing.
1257 1598 1318 1674 13.)

494 1733 534 1779 ex
556 1721 669 1780 Festo:
715 1733 742 1777 c.
778 1717 1028 1790 Meritavere,
1057 1732 1158 1792 saepe
1186 1714 1344 1789 merueire
1373 1715 1452 1776 dixit
1474 1716 1554 1776 Cato
1819 1715 2050 1792 Poiancrum

394 1833 462 1896 1111
484 1833 650 1907 Suiiietes
675 1836 892 1893 evocaverunt
911 1831 1017 1898 statim
1041 1830 1174 1905 ominis
1199 1831 1400 1924 cohortes,
1432 1831 1555 1892 omnis
1585 1829 1693 1906 (etiam
1719 1833 1777 1910 qui
1798 1832 1958 1908 stipendia
1981 1850 2049 1892 me-

395 1951 624 2025 rit)averunt.
653 1965 682 2010 v.
714 1949 901 2008 Meritaverc
935 1965 966 2024 p.
991 1946 1060 2007 154.
1085 1946 1133 2020 (R.
1156 1947 1208 2018 lv,
1232 1946 1296 2022 80).
1342 1946 1391 2006 Ex
1414 1946 1535 2007 Catone
1563 1937 1646 2008 esae'
1667 1949 1801 2024 petitum
1829 1949 1918 2023 irgm.
1950 1950 2051 2010 dccet

292 2109 299 2116 -
394 2067 515 2130 Paulus
537 2081 569 2141 p.
595 2065 653 2126 152
675 2083 705 2124 v.
730 2065 926 2124 meritavere.
970 2065 1051 2126 Nolo
1067 2061 1106 2122 ir.
1129 2063 1149 2123 l.
1169 2077 1300 2124 monere
1322 2077 1386 2124 non
1401 2067 1488 2123 recte
1505 2062 1666 2138 expiatam
1680 2079 1759 2125 esse
1779 2065 1937 2138 lacunam,
1960 2065 2051 2141 quod

394 2180 606 2262 praescripsit
623 2181 742 2241 Festus
766 2180 986 2255 meritavere,
1009 2193 1073 2241 non
1095 2180 1352 2240 meritaverunt.
1396 2177 1463 2238 Sed
1484 2178 1658 2241 notandum
1682 2185 1747 2252 est,
1772 2181 1869 2240 multa
1891 2185 1968 2255 poet
1989 2197 2050 2242 no-

396 2313 469 2360 men
492 2297 623 2358 emonis
646 2296 784 2367 deesse,
807 2311 890 2371 quae
912 2296 1150 2364 nemoaddere
1172 2311 1273 2356 ausus
1297 2298 1357 2366 est,
1380 2308 1441 2353 nec
1462 2293 1505 2352 ita
1524 2309 1579 2356 rea
1602 2300 1654 2354 est
1681 2301 1881 2371 comparata,
1909 2301 1946 2356 ui
1973 2297 2051 2357 inde

395 2421 449 2476 aut
470 2429 589 2474 novum
611 2411 741 2472 Catonis
764 2425 847 2486 opus
870 2415 925 2470 aut
951 2427 1067 2472 novam
1090 2411 1252 2488 Originum
1280 2408 1520 2484 inscriptionem
1549 2424 1671 2484 ponere
1691 2412 1824 2486 possis3
1848 2427 1885 2472 ac
1917 2411 1947 2472 si
1975 2413 2051 2489 quis

394 2533 426 2591 in
447 2543 579 2589 numero
601 2525 723 2596 haeret,
745 2525 834 2600 quod
854 2526 979 2602 reliqua
1001 2527 1129 2588 catonis
1153 2542 1253 2602 opera
1274 2525 1319 2611 ia¹
1334 2526 1442 2600 plures
1469 2525 1570 2586 libros
1594 2525 1763 2589 diatnbuta
1784 2543 1848 2588 non
1869 2528 2050 2598 videantur,
2149 2572 2150 2577 .

399 2645 522 2715 videat,
549 2655 591 2701 ne
613 2641 708 2701 etiam
733 2641 958 2705 duodecimum
982 2642 1145 2718 Originum
1166 2641 1280 2702 librum
1307 2639 1402 2700 nobis
1426 2640 1525 2700 donet
1549 2655 1590 2700 ax
1612 2641 1728 2702 eodem
1748 2643 1848 2704 nesto
1874 2659 1904 2702 v.
1925 2649 2051 2704 struere

395 2779 427 2837 p.
448 2757 520 2820 313.
544 2755 598 2830 (ci.
621 2755 678 2832 irg.
700 2753 734 2828 i.)
1454 2809 1458 2818 ,

438 2877 458 2935 i.
490 2874 534 2934 Et
560 2872 645 2950 quis
668 2871 822 2932 diceret
847 2885 928 2931 curn
952 2873 1003 2934 sit
1025 2871 1187 2948 (neminis)
1211 2889 1240 2933 v.
1267 2871 1402 2934 neminis
1431 2887 1463 2948 p.
1484 2869 1553 2933 162.
1597 2872 1697 2934 Recte
1719 2880 1814 2933 antea
1839 2879 1891 2936 ast
1907 2875 2052 2936 additum
2149 2952 2150 2963 ἵ

266 2977 274 2992 ’
363 2981 373 2996 “
397 3007 512 3053 nomen
536 2987 676 3059 catonis,
700 2999 893 3062 quamquam
915 2987 1000 3046 aliud
1022 2989 1053 3046 in
1077 2989 1189 3046 eadam
1212 3001 1247 3044 re
1270 2986 1399 3048 Catonia
1423 2988 1605 3062 exemplum
1623 2989 1736 3050 iaudat
1755 2971 1885 3052 Paulus.
1910 2988 1980 3066 (lig.
2005 2989 2051 3066 p.)

439 3124 469 3182 g.
505 3102 673 3194 (Numidae
705 3100 903 3175 diicuatur
937 3100 1150 3176 Nomeidea,
1182 3101 1237 3178 qui
1269 3101 1387 3164 diutius
1421 3103 1529 3164 vivere
1558 3103 1718 3178 dicuntur)
1755 3105 1860 3166 unde
1890 3106 1985 3168 Cato
2013 3109 2051 3167 in
2149 3142 2150 3147 .

398 3225 411 3297 (
420 3263 576 3284 ..........
612 3216 766 3278 Numidas
801 3217 951 3287 vivaces,
981 3215 1083 3292 quud)
1109 3218 1270 3278 multam
1292 3217 1427 3280 vivunt
1459 3215 1610 3293 (aetatem
1633 3219 1733 3295 dixit).
1776 3237 1807 3281 v.
1830 3223 1986 3284 Numidae
2017 3239 2050 3299 p.
2149 3210 2150 3235 ¹

398 3338 468 3399 177.
499 3337 598 3397 Plane
620 3333 773 3391 incertum
796 3329 852 3405 ing.

437 3451 469 3510 h.
505 3443 742 3523 (Posimeirium
772 3457 851 3503 ease
878 3441 922 3510 ait
941 3443 1098 3508 Antistius
1122 3443 1169 3520 (in
1190 3445 1423 3510 ccmmcrvtart'o
1435 3443 1529 3528 juris
1550 3443 1777 3532 Pontimcaiie.
1790 3455 1984 3529 pomerium,
2019 3457 2053 3516 id

398 3575 449 3630 est
468 3563 588 3640 nocam
611 3545 950 3639 monteronem
996 3560 1082 3624 caro.
1113 3576 1143 3622 v.
1170 3562 1381 3624 poemenem
1409 3581 1441 3641 p.
1463 3563 1534 3626 aaa.
1557 3563 1607 3639 (a
1632 3567 1660 3639 ι,
1695 3566 1762 3642 ιι.)
1809 3569 1910 3630 necte
1941 3579 2055 3630 menet

339 3671 344 3678 ’
396 3675 574 3759 Wagene'r,
607 3691 648 3734 ne
671 3691 786 3736 nomen
810 3675 940 3751 quidem
968 3676 1097 3738 Catonis
1125 3677 1236 3740 inesse
1257 3678 1377 3754 videri,
1406 3679 1467 3740 scd
1495 3680 1649 3758 scriptum
1677 3682 1780 3744 tuisse
1813 3684 2053 3748 AVSPICATO

395 3800 448 3860 vel
472 3797 575 3860 simile
597 3789 684 3870 quid.
1515 3789 1519 3796 ’

438 3917 459 3975 1.
494 3914 584 3983 iure,
607 3910 696 3984 iege,
719 3908 880 3979 libertate,
907 3908 985 3986 Rep.
1009 3910 1219 3990 communiter
1239 3910 1283 3972 uti
1305 3915 1447 3986 oportet:
1479 3913 1580 3988 gloria
1601 3918 1698 3990 atque
1718 3913 1843 3976 honore
1883 3921 2052 3992 quomodo

398 4029 461 4092 sibi
484 4027 622 4104 quisquc
644 4025 767 4088 struxit
789 4041 819 4084 v.
843 4029 966 4086 struere
994 4041 1025 4100 p.
1054 4026 1124 4088 313.
1169 4029 1256 4104 Quae
1279 4035 1456 4104 sequuntur
1476 4027 1650 4090 Catoniana
1670 4043 1734 4090 non
1753 4017 1839 4092 svnt.
1862 4031 1916 4107 (ci.
1933 4034 1989 4109 irg.
2007 4035 2053 4108 e.)

496 4145 545 4204 Ex
566 4142 683 4202 Paulo:
726 4141 759 4200 k.
793 4139 1489 4206 Caduceatorinemohomcnocct.
1533 4145 1640 4219 p.47.

438 4263 459 4321 l.
498 4257 705 4332 Guiignam
727 4256 763 4315 in
786 4255 878 4316 feno
903 4255 1055 4318 Graeco
1076 4259 1238 4332 penita,
1260 4265 1302 4321 ut
1325 4261 1426 4322 bene
1449 4259 1567 4322 oleat.
1610 4277 1645 4337 p.
1668 4259 1719 4322 51.

439 4391 480 4435 m.
518 4372 711 4448 coepiam
734 4369 940 4435 seditiosa
961 4373 1084 4434 verba
1103 4375 1226 4450 loqui.
1270 4392 1301 4452 p.
1324 4374 1405 4438 66,

439 4506 469 4550 n.
508 4487 780 4551 Contumelias
803 4484 897 4547 mihi
917 4485 1060 4548 dixisti
1082 4491 1366 4566 compturieue.
1411 4491 1454 4552 ib.
1566 4546 1568 4552 .

439 4619 469 4663 n.
505 4601 749 4664 dediticium
771 4606 932 4662 aestate
953 4603 1158 4678 frigidum,
1179 4604 1307 4680 hieme
1327 4607 1551 4668 sormidam.
1594 4623 1627 4684 p.
1650 4607 1714 4672 aa·
1957 4669 1960 4674 ,

367 4717 372 4726 “
439 4735 471 4794 p.
508 4717 609 4780 Sunt
629 4716 742 4802 multi
765 4718 902 4788 corde,
926 4733 1028 4794 quos
1050 4735 1127 4783 non
1149 4720 1316 4784 miseret
1336 4723 1516 4786 neminis.
1544 4741 1575 4800 p.
1601 4724 1670 4788 163.
1700 4725 1772 4798 linc
1790 4727 1851 4803 ⁴18·
1874 4729 2048 4792 Ennianum

397 4835 532 4896 videtur.
555 4831 608 4906 (ci.
630 4833 717 4894 Fest.
739 4849 770 4892 v.
793 4832 938 4896 neminis.
972 4849 1003 4910 p.
1028 4833 1097 4896 161.
1140 4837 1196 4912 ing,
1220 4835 1253 4910 1.)
1310 4865 1312 4873 =

440 4966 470 5026 q.
507 4948 833 5012 Vecticulariarn
858 4949 980 5010 vitam
1007 4952 1163 5028 vivere,
1198 4959 1364 5030 repente
1393 4937 1565 5032 largiter
1592 4956 1754 5030 hebere,
1786 4967 1956 5036 repente
1987 4964 2047 5024 ni·

395 5063 460 5128 hii.
506 5081 537 5141 1)·
559 5061 629 5126 378.
