4334 5976
909 671 949 733 33

106 877 139 930 et
159 872 269 932 insunt
289 874 320 932 in
343 874 497 944 secundo,
521 887 583 932 non
605 872 637 932 in
658 873 749 934 tertio
771 872 861 944 libro,
885 887 979 948 quam
1000 887 1067 931 rem
1090 875 1247 930 testantur
1268 885 1392 950 summo
1417 873 1548 936 codices
1572 891 1744 955 consensu,

107 989 209 1050 altero
224 990 299 1050 loeo
313 989 417 1066 ipsum
431 989 601 1060 numerale,
621 989 720 1050 altero
732 993 838 1050 notam
854 989 974 1050 numeri
989 985 1189 1048 exhibentes.
1232 987 1300 1046 lam
1315 989 1508 1062 argumentis
1523 991 1745 1059 Niebuhrianis

106 1105 157 1166 usi
181 1105 230 1165 sic
252 1105 486 1168 concludimus:
516 1105 663 1182 quoniam
691 1105 722 1164 in
750 1105 898 1166 secundo
930 1105 1010 1166 libro
1039 1104 1192 1179 seriptum
1222 1109 1288 1163 erat
1315 1105 1354 1164 de
1382 1105 1567 1181 Liguribus,
1596 1127 1636 1171 ex
1663 1115 1746 1174 serie

106 1237 212 1282 rerum
235 1223 447 1284 Romanorum
468 1221 591 1281 bilibri
618 1220 786 1296 compositi
814 1235 890 1281 esse
921 1236 983 1281 non
1006 1227 1184 1296 potuerunt
1226 1219 1327 1280 Etiam
1347 1221 1523 1298 Wagener,
1553 1227 1606 1301 qui
1627 1231 1744 1294 multos

108 1339 215 1412 locos,
239 1339 293 1415 qui
314 1344 389 1400 sunt
411 1338 451 1398 de
472 1337 650 1414 Liguribus,
673 1336 859 1413 adscripsit,
883 1353 946 1398 non
967 1337 1130 1410 indicavit,
1154 1335 1207 1413 qui
1230 1337 1346 1398 lactum
1369 1339 1425 1410 sit,
1448 1345 1482 1400 ut
1508 1341 1540 1401 in
1568 1349 1744 1410 seeundum

106 1453 220 1515 librum
251 1469 304 1516 res
330 1455 480 1530 Ligurum
507 1453 699 1532 irrepserint
747 1452 794 1515 Dc
815 1453 948 1529 reliquis
971 1453 1058 1515 libris
1082 1459 1197 1530 postea
1219 1452 1426 1515 disseremus.
1470 1457 1624 1522 Videmus
1652 1463 1746 1539 igitrrr

107 1569 262 1647 reliquias
284 1585 355 1632 eam
378 1569 565 1632 sententiam
594 1586 659 1632 non
687 1570 783 1630 modo
812 1585 876 1630 non
898 1571 1124 1646 comprobare,
1152 1585 1260 1630 verum
1290 1571 1383 1630 etiam
1413 1573 1566 1635 refellere.
1609 1581 1746 1644 Accedit

108 1687 198 1762 quod
222 1687 346 1764 siquis
369 1688 413 1747 ita
435 1688 575 1749 scribere
597 1687 786 1758 institueret,
809 1691 895 1746 certe
917 1701 999 1761 opus
1023 1687 1164 1746 deforme
1187 1687 1328 1748 editurus
1357 1696 1449 1750 esset
1467 1697 1562 1766 atque
1584 1703 1744 1760 monstro-

107 1819 190 1876 sum,
221 1819 286 1880 quo
309 1809 499 1880 cogerentur
518 1805 663 1880 legentes
693 1801 786 1878 quasi
812 1802 843 1862 in
865 1807 958 1863 vasto
982 1817 1104 1864 oceano
1126 1803 1245 1878 pusilla
1265 1805 1387 1880 passim
1408 1805 1561 1869 historiae
1582 1811 1744 1877 Romanae

109 1921 263 1996 colligere
290 1919 451 1996 neulragie
477 1925 573 1996 atque
594 1921 776 1996 fragmenta.
802 1945 845 1960 -··
878 1919 987 1992 Alteri,
1008 1934 1142 1994 quorum
1156 1919 1283 1980 nomina
1297 1936 1395 1996 supra
1410 1924 1536 2000 scripsi,
1558 1927 1746 1993 arbitrantur

106 2037 245 2112 primum
266 2035 377 2100 librum
400 2036 596 2100 continuisse
618 2052 671 2098 res
683 2051 792 2112 regum
806 2035 1028 2108 Romanorum,
1050 2037 1174 2096 tertium
1196 2039 1229 2096 et
1240 2038 1417 2098 secundum
1430 2039 1569 2116 origines
1585 2045 1744 2111 civitatum

107 2151 297 2227 lraricamm,
319 2159 463 2230 quartum
477 2154 595 2215 bellum
607 2153 760 2216 Punicum
775 2151 918 2228 primum,
933 2151 1082 2229 quintum
1103 2153 1220 2216 bellum
1233 2152 1386 2214 Punicum
1409 2157 1596 2233 seeundum,
1619 2170 1743 2228 sextum

108 2269 345 2347 septimumque
366 2269 489 2346 reliqua
509 2271 595 2332 bella
612 2269 727 2347 Populi
748 2269 896 2339 Romani,
926 2269 1046 2341 secuti,
1067 2273 1103 2329 ut
1123 2269 1185 2332 sibi
1206 2269 1335 2346 quidem
1357 2271 1517 2346 videntur,
1539 2281 1743 2342 summarium

107 2385 254 2462 Nepotis.
297 2386 363 2450 Sed
385 2388 546 2464 quomodo
570 2386 709 2464 origines
730 2385 855 2446 urbium
876 2385 1050 2446 italicarum
1073 2385 1116 2445 ita
1130 2386 1318 2462 conjunctae
1341 2387 1413 2459 sint,
1435 2393 1470 2449 ut
1483 2407 1546 2452 uno
1563 2394 1742 2473 eodemque

109 2515 209 2578 opere
232 2501 459 2580 comprehendi
478 2517 605 2579 unaque
622 2503 829 2580 inscriptione
847 2500 1000 2562 contineri
1018 2501 1155 2578 possint,
1177 2503 1269 2563 salva
1286 2503 1416 2566 catonis
1430 2512 1534 2568 mente
1554 2515 1649 2586 atque
1664 2531 1742 2575 eon-

109 2619 235 2693 stuntia,
258 2620 423 2680 evidenter
433 2635 497 2682 uon
512 2619 728 2682 ostenderunt
773 2619 859 2696 Quae
873 2633 970 2694 quum
983 2618 1026 2680 ita
1039 2617 1111 2690 sint,
1133 2633 1197 2678 une
1218 2617 1294 2679 milri
1315 2619 1443 2695 quidem
1464 2622 1517 2682 via
1535 2625 1645 2688 relicta
1666 2645 1743 2693 esse

110 2734 243 2808 videtur,
266 2752 330 2812 qua
350 2751 402 2798 res
424 2737 466 2796 ad
486 2736 581 2798 linem
603 2736 741 2812 aliquem
761 2737 894 2812 perduci
915 2736 1029 2812 possit
1074 2735 1238 2796 Contendo
1255 2735 1338 2796 euim
1353 2743 1449 2813 utque
1464 2744 1742 2818 comprobaturum

111 2867 161 2912 me
183 2867 290 2929 spero,
312 2853 424 2914 necin
446 2853 591 2914 secundo
612 2853 747 2914 tertiove
779 2867 841 2915 nec
869 2854 899 2914 in
928 2853 1058 2929 reliquis
1082 2851 1170 2914 libris
1199 2851 1334 2913 infuisse
1363 2851 1528 2918 historiam
1557 2859 1740 2926 Romanam.
1785 2912 1787 2921 .

114 2965 178 3026 Sed
197 2969 238 3027 de
257 2967 388 3046 reliquis
413 2967 502 3030 libris
523 2972 639 3043 postea
661 2967 870 3045 disseremus,
891 2983 975 3028 nunc
998 2966 1133 3028 secundi
1154 2971 1187 3026 et
1206 2966 1287 3026 tertii
1308 2967 1379 3028 libri
1393 2970 1545 3047 reliquiae
1566 2990 1626 3036 suo
1644 2995 1742 3055 qnae·

112 3097 174 3159 que
196 3083 268 3146 loco
294 3085 465 3161 ponendae
497 3089 580 3145 sunt
624 3087 723 3162 Quum
752 3085 846 3162 igitur
877 3100 918 3146 ex
944 3083 1027 3144 serie
1055 3097 1157 3142 rerum
1184 3083 1395 3144 Romanarum
1428 3087 1636 3154 collocandas
1665 3111 1743 3158 csse

110 3201 259 3276 reliquias
281 3217 345 3262 non
367 3201 601 3274 existimemus,
628 3199 704 3261 nihil
726 3207 841 3275 restat,
869 3201 930 3264 nisi
955 3205 990 3260 ut
1019 3197 1267 3275 geographicum
1295 3201 1437 3264 ordinem
1466 3205 1682 3284 instituamus,
1712 3219 1744 3274 et

112 3317 199 3394 quod
219 3317 367 3394 Ligurum
389 3334 494 3380 mores
516 3319 548 3378 in
569 3319 715 3380 secundo
736 3318 833 3391 libro,
856 3333 933 3394 ager
952 3315 1166 3392 Rheginorum
1188 3313 1258 3393 (lrg.
1281 3315 1333 3391 73)
1362 3318 1393 3378 in
1421 3321 1513 3383 tertio
1543 3325 1741 3404 describitur,

109 3433 203 3494 tacite
226 3435 424 3510 perspicitur,
446 3435 642 3496 insecundo
665 3435 745 3495 libro
768 3433 913 3495 civitates
935 3433 1043 3495 ltaliae
1064 3433 1250 3507 superioris,
1273 3433 1416 3497 intortio
1439 3437 1594 3502 inferioris
1619 3445 1741 3508 deseri-

110 3557 184 3626 ptas
213 3549 331 3627 luisse;
360 3556 454 3628 atque
481 3558 730 3614 consentaneum
758 3557 808 3612 est
835 3556 868 3611 et
893 3565 1113 3626 consequens,
1146 3554 1181 3610 ut
1205 3549 1245 3611 ab
1273 3550 1409 3626 Alpibus
1438 3553 1601 3632 incepisse
1628 3561 1742 3625 librum

110 3667 289 3728 secundum
310 3673 473 3746 putemus3
495 3675 598 3730 utrum
620 3685 639 3730 a
658 3667 837 3743 Liguribus,
861 3683 901 3728 an
923 3685 941 3727 a
962 3666 1104 3738 Venetis,
1127 3682 1184 3742 pro
1208 3673 1294 3727 certo
1316 3683 1381 3728 non
1403 3671 1651 3752 dijudicaverim,
1680 3681 1740 3741 sed

109 3785 206 3844 liceat
227 3783 441 3861 conjecturam
461 3785 566 3847 lacere
596 3801 637 3847 ex
663 3785 789 3858 ordine,
819 3799 914 3860 quern
941 3783 1060 3844 Plinius
1089 3782 1139 3854 ΙΙΙ,
1161 3781 1211 3856 20,
1243 3781 1301 3844 133
1329 3784 1589 3852 inreeensendis
1612 3796 1740 3871 populis

109 3901 234 3977 Alpinis
251 3907 382 3962 secutus
406 3906 464 3963 est
505 3901 596 3962 Plinii
618 3901 826 3962 adorientem
850 3903 890 3962 ab
907 3901 1073 3960 occidente
1095 3901 1165 3958 sole
1187 3901 1333 3974 procedit
1352 3903 1462 3977 oratio,
1485 3913 1615 3969 auctore
1636 3917 1742 3974 autem

111 4018 141 4076 in
169 4017 220 4078 lris
248 4019 345 4080 rebus
374 4033 467 4079 nemo
496 4023 560 4092 est,
588 4017 640 4094 qui
670 4017 813 4079 dubitare
839 4015 958 4092 possit,
988 4016 1063 4090 quin
1090 4031 1169 4076 usus
1198 4015 1240 4076 sit
1261 4015 1388 4078 (latone.
1433 4022 1524 4097 Quod
1552 4031 1655 4087 autem
1677 4029 1697 4087 l.
1721 4031 1741 4090 1.

111 4134 216 4195 subito
237 4135 366 4195 inverso
388 4135 499 4195 ordine
527 4135 619 4210 quasi
640 4132 825 4204 retrocedit,
856 4133 1007 4209 suspicor
1035 4132 1162 4192 Catonis
1191 4147 1262 4192 eum
1296 4137 1441 4211 exemplo
1464 4137 1626 4201 inductum
1649 4147 1741 4220 quasi

111 4251 288 4312 aberrasse.
330 4249 400 4310 lam
421 4251 533 4312 videor
554 4245 632 4312 satis
659 4247 735 4310 milri
758 4249 899 4312 ordinem
921 4248 1033 4310 horum
1049 4249 1292 4324 lragmentorunr
1315 4253 1506 4327 explicasse.
1549 4258 1741 4321 Volscorum

111 4368 255 4428 civitates
278 4368 317 4428 ad
341 4369 518 4428 seeundum
539 4367 651 4428 librum
673 4368 859 4430 referendae
881 4373 955 4429 sunt
977 4363 1046 4441 (lrg.
1069 4364 1142 4441 61);
1172 4383 1191 4426 a
1217 4382 1281 4442 qua
1310 4369 1433 4429 civitate
1455 4373 1566 4434 tertius
1589 4375 1743 4452 inceperit

110 4485 200 4556 liber,
222 4499 285 4544 non
307 4484 512 4562 perspicitur3
535 4484 611 4544 milri
633 4484 760 4560 quidem
783 4483 994 4560 Campaniam,
1009 4482 1179 4554 Samnium,
1203 4487 1527 4559 magnamGraeeiam
1548 4491 1638 4552 tertio
1661 4493 1741 4556 libro

110 4601 329 4676 descripsisse
342 4603 476 4674 videtur,
499 4601 618 4662 idcirco
633 4601 772 4676 Capuam
789 4599 858 4676 (lrg.
876 4597 928 4673 70)
950 4596 1023 4660 huic
1046 4599 1125 4660 libro
1147 4599 1276 4672 inserui,
1298 4601 1381 4664 Roth
1404 4607 1559 4667 seeundo.
1603 4609 1742 4674 Siciliam

109 4715 315 4792 reliquasque
336 4715 459 4778 insulas
479 4721 582 4777 utrum
605 4717 750 4789 intortio,
774 4733 812 4776 an
836 4717 866 4776 in
889 4722 1000 4793 quarto
1022 4715 1103 4776 libro
1123 4717 1340 4792 descripserit,
1356 4725 1471 4795 postea
1486 4723 1739 4800 dijudicabimus.

111 4833 177 4894 Sed
199 4847 239 4891 na
261 4833 332 4908 quis
355 4851 465 4909 pamm
487 4835 686 4910 aequabilem
709 4833 738 4894 in
763 4835 889 4894 duobus
910 4831 961 4894 his
984 4832 1072 4893 libris
1094 4849 1198 4892 rerum
1220 4835 1417 4909 partitionem
1441 4839 1541 4901 luisse
1562 4847 1667 4918 putet,
1689 4861 1741 4905 ra-

112 4947 321 5021 cordabimur,
343 4951 492 5024 Sabinos,
512 4949 664 5011 Lauriam
687 4965 860 5026 agrumque
878 4951 1052 5011 Romanum
1074 4949 1174 5026 primo
1198 4952 1350 5012 contineri
1371 4954 1460 5016 libro.
1482 4957 1590 5018 -lle
1611 4960 1740 5022 incertis

111 5063 180 5126 libri
203 5065 337 5126 secundi
359 5066 541 5144 fragmentis
563 5082 687 5127 mecum
709 5065 813 5126 lacere
826 5065 952 5126 videtur
965 5065 1057 5139 Roth,
1081 5066 1133 5144 qui
1156 5067 1267 5128 eadem
1289 5070 1366 5147 lrgg.
1389 5071 1476 5134 initio
1497 5075 1566 5136 libri
1588 5075 1741 5150 posuisse

112 5178 245 5248 videtur.
268 5188 394 5258 praeter
413 5185 471 5262 lrg.
487 5185 538 5259 65,
561 5185 649 5264 quod
671 5183 833 5262 conjunxit
855 5197 925 5248 cum
938 5185 994 5262 lrg.
1011 5184 1060 5248 35.
1105 5185 1301 5265 Quarnquam
1323 5189 1433 5251 eadem
1456 5191 1520 5254 lere
1544 5195 1618 5256 sunt
1631 5193 1739 5267 verba,

1523 5291 1542 5351 5
